1907 3214
465 243 522 283 80
882 254 1109 284 Eris'roLA
1144 254 1316 283 0112DAE.

466 361 653 414 accepi?
728 360 814 401 Cui
855 373 883 400 a
917 359 1089 413 populo
1130 371 1402 412 responsum
1439 362 1510 398 est
1547 357 1742 409 dicente,

468 427 578 469 Non
600 441 648 468 es
670 427 976 468 calumniatus
1000 439 1099 476 1105,
1125 439 1273 478 neque
1295 425 1580 478 oppressisti,
1595 439 1742 479 neque

465 495 615 535 tulisti
641 494 696 534 de
718 507 858 534 manu
890 493 1086 547 alicujus
1116 492 1367 546 quippiam.
1441 491 1557 542 Quis
1585 506 1742 533 eorum

464 562 572 615 igne
604 561 782 602 coelesti
807 566 990 602 centum
1022 561 1244 613 superbos
1277 572 1492 609 exurens,
1513 559 1742 613 quinqua-

465 629 597 682 ginta
618 628 812 669 humiles
834 640 1040 677 servans,
1063 632 1108 667 et
1135 628 1307 680 absque
1341 626 1618 667 adulationis
1637 626 1742 668 fuco
1782 638 1801 665 5

466 710 559 736 non
591 696 740 737 Deum
772 709 854 749 per
890 695 1157 748 prophetas,
1190 694 1268 734 sed
1306 693 1479 734 idolum
1511 692 1741 744 Accaron,

466 764 724 804 consulenti
757 768 950 803 mortem
985 762 1297 802 imminentem
1328 761 1487 813 iniquo
1522 761 1619 814 regi
1658 774 1740 802 an-

465 831 705 879 nuncians,
738 843 896 871 omnes
926 829 1176 882 prophetas
1211 828 1476 868 simulachri
1501 828 1635 877 Baal,
1664 829 1742 882 qui

464 897 756 950 interpretati
796 897 1085 949 accipiuntur
1123 908 1284 936 50115115
1318 895 1507 935 humani
1538 895 1741 945 invidiae,

465 965 691 1014 avaritiae,
732 969 783 1005 ut
817 964 915 1018 jam
955 963 1172 1012 diximus,
1208 975 1389 1016 semper
1419 962 1601 1012 intenti,
1642 976 1741 1003 mu-
1760 969 1801 997 10

465 1045 603 1072 crone
623 1044 829 1081 corusco,
849 1031 935 1072 hoc
956 1035 1041 1080 est,
1063 1031 1204 1071 verbo
1228 1030 1333 1080 Dei,
1355 1034 1406 1070 ut
1428 1028 1592 1070 Helias
1611 1043 1741 1083 egre-

466 1100 569 1152 gius
591 1104 738 1148 vates,
764 1098 1015 1151 prostravit
1035 1111 1044 1149 ;
1079 1102 1125 1138 et
1150 1097 1246 1138 zelo
1267 1097 1356 1138 Dei
1378 1102 1633 1138 commotus
1653 1097 1741 1138 ini-

466 1179 660 1219 quorum
693 1171 827 1207 terrae
863 1165 1030 1205 imbres
1071 1164 1275 1205 adimens
1315 1164 1573 1214 aetherales,
1606 1177 1659 1205 ac
1702 1164 1741 1205 si

464 1232 716 1274 fortissimo
749 1232 929 1286 penui-ii
968 1232 1178 1272 clustello
1214 1232 1361 1272 tribus
1401 1231 1535 1272 annis
1567 1245 1741 1286 sexque

464 1301 697 1341 mensibus
737 1301 991 1349 obseratos,
1042 1299 1178 1348 fame,
1220 1299 1312 1349 siti,
1353 1299 1652 1339 moribundus
1694 1300 1740 1339 in
1761 1304 1800 1332 15

464 1367 645 1408 deserto
680 1371 959 1420 conquestus
991 1371 1076 1416 est,
1118 1366 1334 1415 Domine,
1373 1366 1602 1419 inquienS,
1636 1380 1742 1420 pro-

463 1435 628 1488 phetas
648 1440 753 1476 tuos
777 1434 1058 1483 occiderunt,
1085 1438 1131 1474 et
1151 1433 1317 1474 altaria
1339 1437 1420 1473 tua
1442 1433 1742 1483 suffoderunt,

465 1509 509 1542 et
543 1516 628 1555 ego
668 1502 854 1544 relictus
894 1514 995 1541 sum
1033 1500 1175 1550 solus,
1209 1505 1255 1541 et
1288 1505 1504 1553 quaerunt
1543 1500 1743 1541 animam

465 1571 644 1610 meam?

498 1637 604 1691 §72
630 1636 746 1688 Quis
769 1650 926 1677 eorum
951 1636 1236 1678 carissimum
1257 1635 1533 1689 discipulum
1549 1636 1742 1678 terrenis
1759 1645 1802 1674 20

467 1710 601 1745 extra
626 1704 813 1745 solitum
833 1704 1111 1757 ponderibus
1143 1708 1400 1753 oneratum,
1422 1717 1526 1757 quae
1549 1710 1656 1746 ante
1688 1717 1743 1745 ea

466 1784 494 1811 a
508 1785 556 1812 se
573 1784 852 1825 magnopere
867 1771 974 1812 licet
987 1776 1167 1824 rogato,
1189 1776 1241 1812 ut
1260 1771 1504 1824 acciperet,
1525 1771 1742 1825 despecta

466 1839 675 1889 fuissent,
713 1839 799 1880 etsi
836 1852 928 1879 non
961 1843 1185 1892 perpetua
1217 1838 1361 1892 lepra,
1395 1843 1446 1879 ut
1489 1838 1740 1889 Helisaeus,

466 1906 619 1947 saltim
654 1906 942 1960 expulsione,
976 1906 1250 1946 muletavit?
1323 1905 1383 1946 Et
1420 1905 1523 1959 quis
1555 1919 1614 1947 ex
1649 1906 1741 1947 illis

465 1987 607 2027 puero
629 1974 675 2014 in
693 1974 801 2014 vitae
822 1973 1142 2025 desperatione
1161 1972 1395 2022 aestuanti,
1419 1986 1473 2013 ac
1491 1973 1742 2026 improviso
1759 1982 1799 2011 25

465 2054 604 2094 super
623 2040 786 2081 bellico
806 2040 1005 2080 hostium
1041 2044 1268 2092 apparatu
1288 2039 1539 2089 civitatem,
1570 2040 1618 2080 in
1651 2054 1742 2094 qua

465 2113 612 2157 erant,
633 2107 939 2148 obsidentium
975 2106 1243 2147 tremefacto
1276 2106 1397 2147 inter
1417 2120 1517 2156 nos,
1551 2112 1602 2148 ut
1632 2107 1741 2158 illae,

465 2175 630 2215 animae
654 2175 797 2224 visus,
818 2174 1014 2215 ferventi
1045 2174 1316 2214 exoratione
1348 2173 1405 2213 ad
1429 2173 1580 2214 Deum
1601 2174 1741 2225 facta,

463 2242 529 2283 ita
563 2248 614 2284 ut
642 2242 812 2283 intueri
845 2242 1014 2295 poterit
1046 2241 1340 2282 auxiliarium
1371 2241 1573 2282 coelestis
1609 2255 1740 2283 exer-

463 2309 597 2360 citus,
639 2314 920 2350 armatorum
969 2322 1183 2349 curruum
1224 2322 1307 2349 ceu
1350 2309 1553 2361 equitum
1593 2309 1741 2363 ignito
1759 2321 1800 2350 30

463 2377 595 2418 vultu
638 2376 913 2430 fulgentium
953 2381 1155 2417 montem
1195 2375 1397 2429 plenum,
1429 2376 1663 2429 patefecit,
1696 2382 1742 2419 et

463 2444 646 2485 credere
685 2444 794 2498 quin
833 2443 995 2484 fortior
1032 2448 1153 2484 esset
1193 2442 1250 2484 ad
1289 2443 1562 2484 salvandum
1604 2457 1742 2498 quam

511 2659 522 2677 ⁵
540 2660 667 2701 Absque
692 2684 698 2692 .
725 2684 732 2692 .
764 2684 771 2691 .
798 2655 976 2702 Accarmn]
1022 2659 1084 2697 V.;
1171 2657 1194 2676 ¹⁶
1211 2658 1392 2699 nequiens]
1419 2661 1430 2688 l
1454 2658 1537 2697 Reg.
1555 2659 1626 2692 xix.
1645 2663 1697 2692 10.

464 2719 524 2739 om.
544 2709 587 2739 Β,
1168 2703 1193 2726 ²7
1212 2705 1434 2745 Tremtjlhcto]
1453 2705 1680 2747 Turmefaclo,
1695 2709 1737 2741 B.

511 2752 524 2775 ⁷
544 2754 760 2794 (ymas-ulman]
787 2753 915 2784 Sulenti
935 2750 991 2794 (ἲ),
1009 2753 1052 2784 Β.
1167 2750 1192 2771 ‘²⁹
1209 2748 1369 2795 Pateria]
1396 2752 1559 2794 l’oterint,
1578 2754 1621 2786 Β.

513 2800 524 2817 ⁸
544 2802 750 2841 Prophetas]
776 2802 838 2839 V.;
863 2811 922 2831 om.
944 2801 985 2832 13.
