1907 3214
262 360 322 384 The
341 360 448 384 Saxons

262 394 369 418 invited
386 402 390 421 ;

272 1752 345 1776 their
382 1759 423 1776 ar-

272 1786 352 1811 rival.

478 234 534 274 30
893 245 1122 275 HisronlA
1155 245 1327 274 GlLDAE.

550 347 572 401 ἓ
608 348 679 389 23.
728 347 848 387 Tum
890 360 1048 387 omnes
1098 346 1348 387 consiliarii
1392 359 1486 387 una
1531 359 1634 387 cum
1675 359 1751 386 su-

478 415 619 468 perbo
656 420 853 467 tyranno
890 412 1229 466 Gurthrigerno
1271 412 1599 454 Britannorum
1637 412 1752 453 duce

479 486 727 529 caecantur,
759 485 805 520 et
839 479 1185 520 adinvenientes
1219 479 1312 519 tale
1344 479 1624 532 praesidium,
1660 480 1752 519 imo

481 547 727 596 excidium,
758 546 938 600 patriae,
973 552 1026 587 ut
1058 545 1324 587 ferocissimi
1356 545 1423 586 illi
1454 545 1640 587 nefandi
1669 559 1753 587 no-

480 614 615 654 minis
650 614 874 663 SaxoneS,
912 614 1014 654 Deo
1049 613 1401 665 hominibusque
1433 613 1586 662 invisi,
1622 613 1755 666 quasi
1794 616 1813 644 5

481 681 528 720 in
550 680 707 721 caulas
729 681 841 733 lupi,
862 681 908 720 in
928 680 1126 721 insulam
1160 680 1217 720 ad
1243 679 1543 720 retrudendas
1576 679 1754 733 aquilo-

482 747 610 787 nales
643 752 803 800 gentes
834 747 1263 788 intromitterentur.
1334 745 1440 797 Quo
1460 746 1620 800 utique
1643 745 1756 786 nihil

483 814 524 853 ei
545 826 739 866 usquam
771 814 1087 866 perniciosius,
1116 813 1320 866 nihilque
1351 813 1552 853 amarius
1583 812 1756 853 factum

482 884 566 920 est.
654 880 693 920 O
733 880 1004 920 altissimam
1044 891 1207 920 sensus
1241 879 1499 931 caliginem,
1530 879 1570 920 Ο
1594 879 1755 932 despe-

481 946 671 986 rabilem
703 946 981 999 crudamque
1014 947 1180 986 mentis
1208 945 1554 987 hebetudinem!
1627 945 1757 996 Quos
1780 955 1820 984 10

481 1012 753 1066 propensius
812 1018 974 1063 morte,
1039 1026 1141 1053 cum
1198 1013 1428 1062 abessent,
1484 1013 1757 1062 tremebant,

483 1084 663 1132 sponte,
692 1085 743 1120 ut
773 1079 840 1119 ita
872 1079 1036 1129 dicam,
1058 1080 1142 1120 sub
1176 1079 1310 1119 unius
1330 1079 1440 1120 tecti
1460 1079 1657 1121 culmine
1687 1079 1757 1120 in-

483 1146 710 1195 vitabant,
749 1145 890 1186 Stulti
923 1151 1032 1186 sunt
1069 1146 1314 1199 principes,
1363 1151 1415 1186 ut
1456 1145 1629 1187 dictum
1672 1150 1758 1196 est,

484 1212 735 1261 Thafneos,
769 1212 932 1253 dantes
965 1212 1198 1253 Pharaoni
1232 1212 1472 1253 consilium
1507 1212 1757 1266 insipienti.

485 1278 605 1318 Tum
634 1292 877 1332 erumpens
909 1293 1025 1332 grex
1055 1279 1312 1319 catulorum
1343 1279 1398 1319 de
1431 1279 1570 1320 cubili
1597 1280 1757 1320 leaenae
1778 1289 1817 1317 15

486 1346 727 1394 barbariae,
760 1346 923 1395 tribus,
950 1351 1002 1386 ut
1033 1345 1193 1398 lingua
1224 1345 1324 1399 ejus
1359 1346 1647 1399 exprimitur,
1679 1359 1757 1400 cy-

485 1412 590 1461 ulis,
612 1417 774 1452 nostra
806 1412 966 1464 lingua
985 1412 1136 1464 longis
1168 1411 1378 1462 navibus,
1397 1413 1609 1453 secundis
1627 1412 1758 1462 velis,

486 1478 687 1519 secundo
708 1479 857 1519 omine
886 1479 1198 1532 auguriisque,
1220 1478 1384 1532 quibus
1404 1479 1759 1530 vaticinabatur,

487 1550 612 1586 certo
635 1546 755 1598 apud
784 1559 886 1585 eum
910 1546 1154 1599 praesagio,
1175 1545 1297 1598 quod
1326 1550 1397 1586 ter
1423 1551 1606 1588 centum
1626 1546 1759 1588 annis

487 1616 672 1661 terram,
707 1612 781 1652 cui
824 1625 985 1665 proras
1030 1612 1243 1660 librabat,
1286 1612 1530 1665 insideret3
1575 1617 1759 1654 centum
1777 1622 1820 1651 20

487 1692 596 1719 vero
647 1679 1000 1731 quinquaginta,
1052 1678 1138 1719 hoc
1186 1683 1257 1719 cst
1298 1678 1484 1721 dimidio
1522 1680 1758 1733 temporis,

487 1746 657 1798 saepius
700 1758 881 1798 quoque
920 1750 1141 1786 vastaret.
1228 1744 1429 1786 Evectus
1470 1747 1667 1800 primum
1712 1747 1760 1787 in

488 1812 702 1852 orientali
737 1817 868 1865 parte
900 1812 1079 1862 insulae,
1094 1812 1289 1866 jubente
1320 1812 1523 1854 infausto
1543 1818 1758 1867 tyranno,

487 1879 713 1919 terribiles
743 1879 896 1919 infixit
916 1892 1110 1932 ungues,
1132 1879 1265 1931 quasi
1289 1892 1373 1932 pro
1399 1880 1552 1933 patria
1581 1892 1759 1933 pugna-

489 1950 635 1994 turuS,
669 1945 747 1985 sed
789 1958 888 1986 eam
926 1946 1094 1986 certius
1124 1945 1493 1998 impugnaturus.
1567 1945 1654 1988 Cui
1684 1959 1760 1987 su·
1778 1959 1819 1988 25

489 2012 698 2064 pradicta
719 2012 936 2064 genitrix,
957 2012 1103 2065 primo
1124 2012 1407 2065 comperiens
1430 2012 1602 2065 agmini
1620 2012 1763 2054 fuisse

538 2194 550 2211 2
569 2194 810 2233 (im-tlerigernn
829 2218 835 2226 .
856 2218 862 2226 .
883 2218 889 2226 .
907 2195 1013 2234 duce]
1036 2196 1108 2226 Um.
1124 2195 1128 2222 1
1145 2198 1342 2233 sequoretur
1365 2205 1422 2226 eos
1447 2195 1578 2234 iterum,
1605 2194 1653 2225 ita
1678 2194 1764 2226 Ger-

493 2240 536 2271 R.
558 2240 595 2270 V.
1147 2242 1265 2271 inanire
1304 2252 1380 2272 cum
1419 2241 1647 2281 Gurtingerno
1685 2242 1765 2272 insi-

539 2285 551 2304 ³¹
571 2284 646 2330 ΕΛ]
670 2288 741 2318 Οηι.
767 2288 805 2319 R.
1147 2289 1265 2327 pienti,
1278 2288 1321 2320 A.
1338 2298 1443 2328 marg.

539 2331 551 2349 ‘⁶¹
573 2331 826 2378 Ix'etrmlemlas.]
856 2334 1111 2373 Retundendas,
1195 2334 1219 2353 ¹5
1239 2336 1319 2366 Tum
1345 2334 1540 2376 erumpens]
1568 2334 1630 2366 See
1656 2334 1764 2373 Beda,

497 2381 536 2411 15.
557 2380 594 2411 V.
1150 2382 1196 2413 H.
1216 2383 1256 2413 E.
1273 2383 1290 2422 ξ
1307 2385 1359 2413 35.

541 2426 552 2441 ‘³
572 2422 643 2469 Εἰ]
671 2427 743 2465 Eis,
761 2425 802 2457 A.
1196 2427 1220 2446 ¹⁵
1239 2429 1377 2469 Cuma]
1396 2427 1764 2468 Germaniae‚A.gI⁰ss.

539 2472 552 2490 ⁰
570 2473 719 2512 Sensus]
738 2473 802 2511 13.;
819 2483 966 2512 sensum,
983 2473 1026 2505 A.
1196 2474 1222 2494 ¹8
1247 2475 1420 2515 Secunda]
1449 2476 1521 2505 Om-
1546 2475 1585 2506 V·

541 2517 563 2536 ¹¹
584 2519 768 2558 siluas-sena]
804 2520 888 2550 Cum
929 2523 1040 2551 essent
1081 2521 1110 2550 in
1196 2520 1221 2540 18
1256 2520 1531 2560 Vaticimaebatur]
1572 2520 1640 2550 Per
1670 2523 1764 2551 vates

495 2566 692 2604 Germania,
708 2566 750 2596 A.
770 2565 912 2596 interlin.
1149 2569 1342 2607 canebatur,
1366 2568 1403 2599 V.

544 2611 567 2630 ¹³
585 2612 719 2652 bruun]
738 2613 837 2642 Stulti
851 2616 928 2643 sunt
944 2614 1112 2652 principos
1196 2613 1222 2632 ²⁰
1241 2611 1334 2657 ('ui.]
1360 2614 1459 2651 Cum,
1477 2612 1520 2643 B.

494 2659 651 2697 Tafneos,
676 2662 806 2698 (lantes,
832 2659 865 2689 id
891 2663 953 2697 est,
970 2661 1113 2691 suaden-
1196 2659 1219 2678 ²¹
1239 2660 1413 2700 Dimidia]
1438 2659 1491 2689 Do
1507 2658 1628 2698 medio,
1644 2658 1687 2691 A.

494 2706 585 2735 tibus
611 2705 689 2746 [sic]
711 2706 891 2744 Pharaoni,
924 2709 959 2736 ut
990 2707 1133 2745 plecte-¹
1196 2705 1221 2724 ²⁰
1241 2706 1426 2746 Genitrian]
1466 2705 1505 2735 Id
1538 2709 1600 2746 cst,
1624 2706 1766 2738 barbara

496 2755 586 2782 retur
603 2750 645 2793 (ἔ)
664 2753 809 2791 populus
822 2753 925 2783 Isi-acl
938 2756 970 2782 vt
988 2757 1021 2783 ut
1040 2764 1111 2791 por·
1133 2786 1134 2794 ἵ
1149 2753 1256 2784 lemna
1270 2753 1475 2792 Germ-anim,
1493 2751 1534 2784 A.
1553 2763 1656 2792 marg.
