1907 3214
494 247 551 289 48
908 262 1133 292 Erisrom
1169 264 1340 294 (1111113.

494 377 730 415 canamus,
752 365 856 415 Vae,
878 367 956 419 qui
977 368 1128 419 inquit
1147 369 1317 408 bonum
1331 369 1517 420 malum,
1532 375 1577 411 et
1593 370 1764 412 malum

493 431 690 482 bonum;
725 438 948 485 ponentes
968 435 1181 474 tenebras
1207 434 1255 474 in
1279 435 1443 486 lucem,
1472 442 1518 478 et
1548 437 1696 478 lucem
1717 439 1763 478 in

494 499 706 539 tenebras
724 512 733 549 3
767 512 973 539 amarum
994 501 1042 540 in
1068 500 1215 550 dulce,
1239 506 1285 542 et
1306 502 1438 543 dulce
1458 503 1505 543 in
1527 516 1731 544 amarum
1751 519 1761 555 3

495 563 588 613 Qui
609 564 817 605 videntes
849 579 941 607 non
962 566 1135 617 vident,
1168 572 1214 608 et
1239 568 1477 610 audientes
1509 584 1601 610 non
1633 571 1762 611 audi-

492 635 591 680 unt,
610 644 803 683 quorum
821 645 899 672 cor
913 646 1068 673 crassa
1083 634 1316 687 obtegitur
1335 636 1533 688 quadam
1547 636 1763 678 vitiorum
1804 650 1822 675 5

493 697 628 747 nube,
648 698 759 738 libet
778 699 899 750 quod
928 705 1243 753 quantumque
1272 701 1341 741 his
1375 703 1650 756 supradictis
1671 703 1763 744 las-

493 764 766 804 civientibus
797 765 1064 818 insanisque
1093 768 1343 808 satellitum
1366 768 1640 820 Pharaonis,
1663 771 1763 823 qui-

493 829 578 870 bus
628 830 728 884 ejus
774 831 1003 884 periturus
1046 833 1168 873 Mari
1209 840 1488 886 provocatur
1533 837 1763 877 exercitus

493 900 678 937 strenue
701 897 876 947 Rubro,
897 912 1144 951 eorumque
1165 901 1388 941 similibus
1412 902 1612 955 quinque
1632 904 1762 955 equis

492 963 719 1003 minarum
749 964 1019 1017 prophetica
1048 965 1336 1008 inclamitent
1358 968 1553 1009 strictim
1588 969 1763 1011 edicere
1781 979 1822 1007 10

493 1030 696 1080 oracula,
725 1031 890 1084 quibus
922 1032 1065 1073 veluti
1095 1033 1287 1085 pulchro
1318 1034 1519 1087 tegmine
1555 1037 1762 1088 opusculi

494 1096 639 1136 nostri
666 1097 895 1148 molimen,
917 1098 984 1139 ita
1004 1104 1055 1139 ut
1083 1112 1139 1140 ne
1163 1100 1373 1141 certatim
1394 1101 1624 1143 irruituris
1644 1103 1761 1144 invi-

493 1162 653 1202 dorum
683 1163 902 1205 imbribus
925 1170 1077 1205 exstet
1098 1168 1395 1219 penetrabile,
1417 1168 1632 1210 fidissime
1654 1183 1762 1210 con—

493 1233 692 1281 tegatur.
766 1230 1098 1284 Respondeant
1130 1234 1287 1286 itaque
1327 1247 1410 1287 pro
1447 1236 1578 1276 nobis
1614 1237 1763 1277 sancti

494 1301 640 1346 vates,
672 1302 724 1338 ut
751 1303 904 1347 antea,
934 1299 1012 1351 qui
1039 1311 1090 1339 os
1116 1300 1452 1352 quodammodo
1484 1302 1590 1352 Dei,
1625 1308 1819 1356 Orga-15

493 1375 693 1416 numque
730 1363 929 1417 Spiritus
959 1365 1134 1415 Sancti,
1166 1367 1435 1408 mortalibus
1468 1369 1761 1422 prohibentes

492 1430 630 1479 mala,
661 1430 794 1470 bonis
816 1431 1039 1481 faventes,
1060 1433 1294 1484 exstitere,
1316 1436 1663 1477 contumacibus
1686 1450 1762 1477 su-

490 1497 733 1549 perbisque
754 1497 891 1552 hujus
914 1499 1066 1540 aetatis
1085 1500 1383 1554 principibus,
1407 1515 1463 1543 ne
1485 1502 1656 1553 dicant,
1679 1516 1762 1544 nos

490 1563 677 1615 propria
698 1564 1023 1606 adinventione
1044 1571 1089 1606 et
1107 1567 1290 1620 loquaci
1308 1572 1489 1609 tantum
1505 1569 1764 1611 temeritate

490 1629 607 1670 tales
628 1631 776 1671 minas
797 1631 861 1672 eis
883 1636 1129 1685 tantosque
1150 1638 1346 1674 terrores
1366 1635 1585 1678 incutere.
1632 1636 1762 1677 Nulli
1779 1648 1822 1676 20

492 1709 688 1749 namque
721 1698 997 1750 sapientium
1029 1699 1216 1740 dubium
1238 1705 1323 1750 est,
1351 1708 1525 1753 quanto
1546 1703 1762 1756 graviora

493 1763 586 1803 sint
614 1769 805 1816 peccata
836 1764 973 1818 hujus
1000 1767 1234 1819 temporis,
1264 1780 1401 1820 quam
1428 1769 1577 1821 primi,
1606 1768 1759 1823 Apos-

490 1829 586 1870 tolo
628 1830 824 1880 dicente,
851 1831 1022 1884 Legem
1063 1833 1165 1885 quis
1204 1835 1547 1886 transgrediens
1583 1837 1760 1878 duobus

492 1896 651 1937 mediis
666 1897 740 1938 vel
753 1898 898 1938 tribus
913 1899 1106 1939 testibus
1120 1900 1340 1940 morietur
1356 1915 1365 1952 ς
1392 1907 1566 1955 quanto
1584 1903 1759 1957 putatis

491 1962 719 2004 deteriora
754 1964 915 2004 mereri
949 1965 1190 2017 supplicia,
1223 1966 1302 2019 qui
1336 1967 1504 2009 Filium
1529 1969 1618 2010 Dei
1650 1983 1760 2011 con·
1778 1978 1819 2006 25

490 2029 772 2070 culcaverint
788 2031 805 2070 ?

560 2095 672 2148 §38
705 2096 775 2136 En
811 2097 984 2149 primus
1019 2099 1218 2140 occurrit
1249 2100 1380 2141 nobis
1411 2100 1595 2143 Samuel
1625 2102 1760 2157 JUSSU

493 2161 581 2201 Dei
601 2162 793 2215 legitimi
817 2165 945 2216 regni
973 2166 1218 2216 stabilitor,
1254 2167 1355 2208 Deo
1383 2173 1631 2222 antequam
1653 2182 1758 2210 nas-

491 2234 671 2269 ceretur
698 2230 950 2280 dedicatus,
974 2245 1001 2271 a
1024 2233 1129 2273 Dan
1153 2247 1298 2286 usque
1318 2235 1374 2275 ad
1399 2235 1631 2277 Barsabee
1663 2250 1759 2277 om-

491 2294 537 2334 ni
558 2296 727 2349 populo
760 2297 905 2338 lsrael
931 2299 1156 2339 veridicus
1186 2301 1424 2354 propheta,
1454 2302 1599 2354 signis
1626 2303 1758 2343 indu·
1782 2307 1822 2335 3⁰

492 2361 690 2403 bitanter
709 2364 988 2405 admirandis
1010 2371 1212 2416 notatim,
1233 2381 1291 2408 ex
1311 2368 1442 2422 cujus
1465 2382 1541 2410 ore
1563 2369 1760 2423 Spiritus

491 2428 689 2469 Sanctus
710 2431 886 2471 cunctis
914 2433 1071 2473 mundi
1099 2435 1405 2486 potestatibus
1438 2434 1654 2485 intonuit,
1683 2436 1760 2477 de-

491 2495 752 2536 nunciando
784 2497 930 2549 primo
963 2499 1059 2551 regi
1094 2501 1215 2553 apud
1248 2501 1492 2551 Hebraeos,
1516 2502 1761 2544 dumtaxat

537 2672 550 2691 ⁴
570 2673 636 2708 Qui
668 2673 840 2714 ri‹Icntes.]
882 2676 1004 2708 Matth.
1034 2678 1108 2709 xiii.
1194 2676 1218 2695 ¹²
1234 2678 1416 2718 RIolimem]
1441 2679 1618 2720 Volumen,
1636 2681 1680 2713 B.
1706 2681 1744 2714 V.

491 2722 543 2750 13.
1192 2722 1217 2740 ‘2²
1236 2722 1371 2767 Quum]
1399 2726 1456 2763 V.;
1480 2736 1539 2757 mn.
1563 2727 1602 2758 Β.

536 2764 549 2781 ⁶
567 2766 635 2796 His
650 2790 656 2797 .
671 2790 678 2797 .
695 2790 701 2797 .
716 2768 833 2808 maia]
864 2770 935 2800 Om.
953 2770 991 2801 V.
1193 2768 1219 2789 ‘23
1237 2768 1403 2815 Dicente]
1432 2772 1519 2803 Heb.
1537 2783 1570 2804 x.
1588 2777 1641 2806 28.
