1891 3214
591 254 816 283 Eris'rom
848 254 1019 283 GILDAE.
1357 245 1440 285 107

168 358 245 406 sit,
274 357 394 410 ignis
422 359 646 411 probabit.
719 359 766 399 Si
798 358 928 412 cujus
950 371 1064 411 opus
1087 359 1321 408 manserit,
1343 372 1438 400 om-

170 425 246 464 nia
287 437 368 477 per
411 425 564 478 ignem
609 425 954 479 judicabuntur.
1027 425 1119 475 Qui
1159 426 1438 478 superaedifi-

168 492 358 540 caverit,
393 492 645 533 mercedem
681 492 889 544 accipiet.
960 492 1008 531 Si
1046 491 1177 545 cujus
1215 506 1329 545 opus
1366 505 1438 532 ar-

169 557 295 606 serit,
316 557 639 599 detrimentum
669 559 884 611 patietur.
958 557 1161 598 Nescitis
1194 559 1302 611 quia
1324 564 1438 599 tem-

133 637 152 664 5
169 623 294 676 plum
317 624 406 665 Dei
436 625 562 675 estis,
594 630 639 665 et
663 624 860 677 Spiritus
885 624 972 664 Dei
996 624 1174 664 habitat
1194 625 1241 664 in
1274 626 1437 666 vobis?

170 689 219 730 Si
251 691 353 742 quis
384 696 536 732 autem
568 691 787 743 templum
809 691 898 731 Dei
925 690 1179 739 violaverit,
1210 691 1440 743 disperdet

168 755 297 796 illum
337 757 481 798 Deus.
553 757 614 798 Et
651 757 832 806 iterum,
873 756 921 797 Si
961 757 1062 809 quis
1103 756 1283 797 videtur
1317 758 1438 810 apud

170 835 252 863 vos
282 824 466 876 sapiens
501 836 600 864 esse
634 823 681 863 in
712 823 796 864 hoc
831 822 1002 872 seculo,
1040 823 1209 863 stultus
1251 823 1347 872 fiat,
1389 830 1439 865 ut

169 889 230 929 sit
269 890 479 943 sapiens3
522 890 749 943 sapientia
786 890 905 930 enim
947 889 1082 943 hujus
1124 889 1280 929 mundi
1323 891 1436 930 stul-

111 971 152 1000 10
171 956 274 996 titia
309 962 379 998 est
414 956 534 1010 apud
574 957 738 997 Deum.
811 956 871 996 Et
900 961 1005 1009 post
1042 956 1293 1008 aliquanta,
1330 956 1438 997 Non

169 1023 291 1063 bona
325 1023 537 1076 gloriatio
570 1028 738 1063 vestra.
812 1022 1030 1071 Nescitis,
1069 1023 1177 1075 quia
1211 1023 1437 1063 modicum

170 1088 442 1130 fermentum
480 1095 623 1131 totam
665 1102 864 1129 massam
899 1089 1181 1141 corrumpit?
1254 1089 1437 1141 Expur-

169 1162 276 1207 gate
308 1157 448 1209 igitur
477 1162 610 1196 vetus
642 1155 939 1205 fermentum3
973 1161 1023 1196 ut
1054 1155 1154 1194 sitis
1186 1168 1307 1195 nova
1329 1168 1437 1196 con-

169 1223 358 1274 spersio.
430 1222 673 1272 Quomodo
708 1222 1041 1274 expurgabitur
1076 1227 1207 1261 vetus
1242 1220 1436 1262 fermen-

111 1302 150 1330 15
170 1294 282 1338 tum,
323 1289 367 1329 id
409 1294 495 1338 est,
534 1294 789 1342 peceatum,
827 1288 947 1340 quod
991 1300 1018 1328 a
1060 1287 1218 1328 diebus
1258 1288 1303 1327 in
1341 1288 1436 1328 dies

168 1356 346 1396 cunctis
368 1356 608 1397 conatibus
625 1354 914 1395 cumulatur?
988 1354 1047 1394 Et
1064 1354 1244 1402 iterum,
1267 1354 1437 1406 Scripsi

169 1423 298 1462 vobis
332 1423 379 1462 in
410 1422 620 1475 epistola,
654 1434 710 1461 ne
748 1421 1130 1460 commisceamini
1166 1420 1435 1470 fornicariis,

170 1501 262 1528 non
293 1489 451 1541 utique
481 1488 736 1528 fornicariis
778 1486 914 1540 hujus
948 1487 1118 1535 mundi,
1155 1492 1235 1527 aut
1268 1488 1435 1537 avaris,

170 1560 251 1595 aut
282 1556 539 1608 rapacibus,
574 1561 654 1595 aut
688 1553 820 1594 idolis
857 1554 1189 1603 servientibus3
1231 1553 1434 1606 alioquin

107 1632 150 1660 20
168 1621 427 1663 debueratis
467 1621 522 1662 de
564 1621 649 1662 hoc
688 1620 857 1661 mundo
896 1621 1036 1661 exire.
1110 1620 1246 1660 Nunc
1281 1625 1432 1660 autem

168 1688 329 1741 scripsi
368 1688 498 1729 vobis
537 1701 592 1728 ne
634 1687 930 1736 commisceri,
970 1687 1008 1726 si
1043 1686 1144 1738 quis
1173 1687 1435 1726 nominatur

168 1754 324 1804 frater,
365 1760 411 1796 et
450 1760 520 1795 est
559 1754 821 1802 fornicator,
856 1759 935 1794 aut
968 1766 1150 1802 avarus,
1184 1759 1265 1792 aut
1301 1752 1433 1793 idolis

168 1822 386 1871 serviens,
415 1827 496 1862 aut
523 1820 786 1869 maledimm,
815 1826 894 1860 aut
923 1820 1142 1867 ebriosus,
1169 1824 1248 1859 aut
1270 1831 1432 1871 rapax,

167 1900 269 1928 cum
297 1888 557 1942 hujusmodi
590 1900 672 1927 nec
694 1887 843 1927 cibum
872 1886 1052 1939 quidem
1082 1898 1272 1926 sumere.
1344 1885 1431 1926 Sed

106 1970 148 1997 25
166 1954 284 1995 latro
317 1967 606 2008 nequaquam
637 1967 720 2006 pro
751 1953 874 1993 furto
909 1952 981 1993 vel
1013 1952 1254 1992 latrocinio
1287 1952 1431 1992 furem

165 2021 305 2061 alium
335 2022 539 2070 damnat,
571 2034 705 2073 quem
737 2020 888 2073 potius
913 2025 1058 2072 optat,
1092 2024 1260 2068 tuetur,
1292 2024 1431 2067 amat,

166 2093 325 2140 utpote
346 2088 415 2127 sui
436 2087 618 2127 sceleris
639 2093 910 2127 consortem.

236 2153 257 2207 ξ
280 2153 378 2194 101.
413 2153 531 2194 Item
550 2153 597 2193 in
619 2153 827 2205 Epistola
850 2152 906 2191 ad
931 2151 1192 2191 Corinthios
1215 2150 1430 2200 secunda,

168 2218 295 2268 Ideo,
341 2220 504 2272 inquit,
546 2218 765 2259 habentes
812 2218 929 2257 hanc
975 2217 1430 2265 administi-ationem,

107 2285 300 2339 sojuxta
330 2286 450 2338 quod
481 2284 836 2326 misericordiam
867 2283 1100 2323 consecuti
1131 2296 1303 2331 sumus,
1341 2296 1431 2323 non

166 2352 444 2401 deficiamus,
476 2352 555 2392 sed
577 2351 843 2404 abjiciamus
864 2350 1042 2390 occulta
1061 2349 1308 2397 dedecoris,
1341 2362 1430 2388 non

167 2419 453 2459 ambulantes
475 2419 520 2458 in
545 2418 717 2458 astutia
742 2430 886 2469 neque
909 2415 1220 2456 adulterantes
1244 2416 1430 2455 verbum

168 2485 272 2535 Dei,
303 2499 383 2538 per
414 2485 582 2525 malum
614 2484 890 2536 exemplum,
922 2482 1110 2532 scilicet,
1143 2487 1188 2522 et
1207 2495 1288 2534 per
1318 2482 1429 2521 adu-

167 2551 398 2593 lationem.
471 2551 526 2592 In
553 2550 933 2602 subsequentibus
966 2555 1118 2589 autem
1139 2548 1202 2587 ita
1224 2547 1278 2588 dc
1299 2548 1430 2587 malis

108 2632 148 2660 35
165 2617 427 2659 doctoribus
468 2618 606 2668 dicit3
649 2616 770 2657 Nam
804 2615 1025 2669 ejusmodi
1060 2614 1431 2667 pseudoapostoli

214 2779 226 2796 ²
251 2780 316 2816 Qui
335 2804 341 2811 .
362 2805 368 2811 .
390 2805 396 2811 .
415 2781 616 2820 conserunt]
638 2781 709 2810 0111.
737 2780 771 2809 Γ.
796 2777 799 2801 ¹
873 2778 894 2793 '³
920 2778 992 2817 lja]
1015 2779 1085 2807 Um.
1106 2776 1148 2806 B.

1449 2155 1552 2178 Second
1568 2155 1613 2178 Co*

1449 2188 1598 2217 rinthians,
