1891 3214
570 263 797 293 Erls'rom
831 264 1003 294 GiLnAE.
1361 255 1417 294 77

145 381 238 409 non
279 367 522 409 violaverit
575 374 809 422 praecepta
852 369 1055 419 Domini,
1102 369 1320 422 rapiendo
1371 370 1418 410 in

145 434 401 485 fuscinulis,
425 441 673 488 antequam
696 436 836 490 adeps
858 436 1057 477 Domino
1083 436 1336 486 offerretur,
1361 450 1419 477 ex

145 501 248 542 ollis
271 515 448 554 carnes,
470 503 578 543 dum
598 503 755 544 eadem
786 504 946 544 mortis
966 504 1049 551 ira,
1072 516 1163 556 qua
1184 503 1263 543 filii
1296 509 1418 553 sunt,

149 569 431 611 mulctatur?
505 569 638 620 QuiS,
674 583 803 623 rogo,
827 583 999 619 eorum,
1022 570 1077 610 de
1098 584 1292 623 quorum
1323 584 1420 611 mo-

111 636 272 676 5ribus
309 637 423 677 satis
455 637 601 677 multa
627 638 837 689 superius
868 637 1083 685 diximus,
1108 638 1164 677 ob
1202 637 1421 677 invidiam

146 703 347 744 melioris
378 703 542 744 hostiae
574 703 844 756 coelestique
876 703 972 756 igni
1003 704 1051 743 in
1082 703 1211 743 coelis
1233 710 1420 753 evectae,

145 774 199 811 ut
232 769 368 820 Abel,
399 770 612 811 occisus?
647 770 725 823 qui
757 770 895 810 etiam
927 769 1166 810 mediocris
1190 770 1317 810 verbi
1348 784 1420 811 as-

146 842 401 890 pernantur
421 837 687 878 convitium.
742 836 858 887 Quis
880 850 1069 890 perosus
1091 843 1161 877 est
1182 837 1421 878 consilium

145 904 516 957 malignantium,
539 910 585 945 et
608 917 710 944 cum
738 904 890 956 impiis
927 917 1019 944 non
1051 903 1184 952 sedit,
1206 904 1271 944 ita
1291 909 1341 944 ut
1365 904 1420 944 de

87 980 130 1010 10
147 984 201 1012 eo
223 971 421 1012 veridice
452 972 584 1024 quasi
616 971 670 1011 de
694 970 852 1011 Enoch
886 970 1126 1020 diceretur,
1147 969 1420 1011 Ambulavit

148 1037 308 1079 Enoch
345 1051 447 1079 cum
488 1038 590 1079 Deo
622 1043 667 1080 et
699 1051 791 1078 non
822 1038 1156 1086 inveniebatur,
1184 1038 1231 1078 in
1263 1038 1421 1078 mundi

145 1105 320 1146 scilicet
341 1105 548 1146 vanitate
570 1105 718 1146 omnis
739 1110 844 1157 post
867 1104 990 1144 idola
1012 1104 1213 1157 proclive
1235 1104 1279 1144 id
1302 1111 1417 1145 tem-

146 1172 271 1225 poris
307 1172 581 1222 claudicare,
605 1172 764 1212 relicto
788 1171 906 1220 Deo,
938 1171 1228 1224 insipientis?
1303 1170 1419 1221 Quis

148 1252 305 1280 eorum
339 1239 533 1280 salutari
567 1239 613 1278 in
635 1237 774 1287 Arca,
809 1238 893 1278 1100
930 1244 1015 1287 est,
1049 1251 1169 1278 nunc
1194 1237 1418 1288 Ecclesia,

88 1313 128 1342 15
148 1306 323 1347 nullum
359 1306 462 1347 Deo
500 1305 835 1354 adversantem,
879 1310 928 1345 ut
969 1304 1073 1345 Noe
1111 1305 1271 1344 diluvii
1305 1310 1419 1345 tem-

146 1386 274 1426 pore,
295 1387 387 1415 non
408 1373 606 1422 admisit,
628 1378 678 1412 ut
703 1371 942 1425 perspicue
974 1376 1308 1411 monstraretur
1328 1385 1419 1412 non

147 1441 236 1481 nisi
272 1441 486 1482 innoxios
507 1439 580 1480 vel
614 1440 893 1491 poenitentes
927 1439 1135 1490 egregios
1170 1438 1217 1478 in
1257 1438 1418 1478 Domi—

148 1507 253 1548 nica
273 1507 408 1548 domo
436 1520 535 1547 esse
566 1506 760 1546 debere?
834 1504 950 1555 Quis
975 1505 1222 1545 victoribus
1255 1505 1417 1554 solum,

149 1579 194 1615 et
215 1575 263 1614 in
281 1573 606 1615 tricentenario
637 1585 842 1622 numero,
875 1572 959 1612 hoc
981 1578 1050 1613 est
1071 1571 1312 1613 Trinitatis
1345 1585 1418 1612 sa-

87 1651 131 1682 20
149 1647 399 1691 eramento,
434 1641 628 1681 liberato
658 1639 803 1694 justo,
839 1652 995 1692 regum
1027 1639 1243 1692 quinque,
1264 1639 1419 1679 victri-

149 1709 360 1762 ciumque
383 1714 635 1750 turmarum
667 1706 896 1746 exercitus
930 1706 1094 1746 ferales
1115 1707 1418 1755 vincentibus,

150 1780 195 1816 et
231 1789 520 1830 nequaquam
550 1775 698 1815 aliena
729 1772 1031 1825 cupientibus,
1058 1773 1328 1812 sacrificium
1351 1772 1418 1813 of-

150 1841 317 1893 ferens,
337 1849 389 1884 ut
411 1840 764 1889 Melchisedech,
782 1839 1014 1879 benedixit
1034 1840 1049 1879 ?
1123 1838 1238 1889 Quis
1256 1845 1419 1891 sponte

150 1910 386 1964 proprium
408 1911 454 1950 in
475 1909 611 1950 altari
628 1908 776 1960 capite
799 1906 1080 1954 credendum,
1101 1911 1152 1946 ut
1165 1905 1418 1955 Abraham,

90 1989 132 2019 25
152 1977 254 2018 Βο0
293 1977 501 2031 jubente,
534 1975 699 2016 obtulit
733 1974 890 2022 filium,
924 1979 974 2013 ut
1010 1973 1155 2013 simile
1190 1973 1418 2026 quoddam

151 2043 256 2085 huic
282 2044 493 2098 impleret
515 2042 686 2083 Christi
718 2040 983 2080 mandatum
1006 2039 1213 2089 dicentis,
1238 2040 1419 2080 oculum

150 2110 364 2152 dextrum
409 2109 797 2151 scandalizantem
837 2106 969 2147 evelli
1010 2106 1188 2155 debere,
1229 2113 1272 2147 et
1315 2120 1419 2160 pro-

150 2177 302 2231 phetae
322 2181 619 2230 praecaveret,
641 2188 688 2215 se
711 2173 1001 2214 maledictum
1030 2186 1128 2213 esse
1152 2173 1352 2225 gladium
1376 2179 1421 2214 et

152 2244 423 2297 sanguinem
445 2242 760 2296 prohibentem
780 2242 795 2280 ἲ
859 2240 974 2290 Quis
997 2240 1259 2280 memoriam
1278 2240 1418 2280 male-

92 2325 133 2355 30
153 2311 263 2352 sacti
284 2311 339 2351 de
362 2309 496 2351 corde
520 2309 754 2356 radicitus,
778 2313 827 2347 ut
844 2306 1036 2360 Joseph,
1059 2306 1256 2347 evulsit?
1304 2306 1419 2357 Quis

151 2379 199 2419 in
220 2382 375 2419 monte
392 2390 493 2418 cum
510 2375 709 2416 Domino
730 2374 925 2422 locutus,
944 2379 986 2413 01
1002 2386 1290 2426 nequaquam
1312 2386 1419 2413 con-

151 2445 445 2499 crepantibus
465 2443 586 2484 tubis
608 2441 773 2483 exinde
794 2440 1078 2494 perterritus,
1102 2440 1216 2481 duas
1239 2440 1420 2482 tabulas

199 2644 211 2662 ⁴
228 2645 280 2676 De
296 2668 304 2676 .
324 2669 331 2676 .
351 2669 359 2676 .
376 2640 550 2688 diximus]
581 2646 652 2675 0171.
674 2645 716 2675 Β.
855 2641 877 2658 ¹⁵
896 2638 1061 2684 Nullum]
1090 2641 1218 2677 Ullum,
1243 2640 1280 2670 Γ.

199 2690 212 2711 ⁶
229 2688 338 2735 [gni]
365 2692 487 2731 Regni,
505 2692 548 2722 B.
852 2688 876 2707 ²⁶
897 2690 1109 2725 Prcecnrcret,
1125 2687 1185 2727 sa]
1215 2689 1286 2717 0111.
1313 2686 1350 2718 V.

200 2736 226 2757 ¹⁰
249 2739 450 2779 Diceretur]
469 2738 554 2770 Gen.
574 2741 673 2769 1-.24.
785 2738 787 2778 ζ
852 2734 878 2754 ²²³
897 2732 969 2778 Se]
1001 2737 1072 2765 0111.
1095 2735 1135 2764 Β.

201 2783 227 2804 ¹³
243 2785 690 2828 Insipientis.]1ncipientis,
715 2784 752 2816 V.
786 2783 787 2786 ’
852 2780 878 2801 ³0
895 2782 1052 2822 Erulsit]
1080 2780 1214 2820 Evenit,
1239 2780 1277 2812 V.
