1907 3214
491 235 545 275 l&
906 252 1134 283 uls'ronm
1169 255 1340 284 GlLDAE.

491 354 560 389 ter
592 363 770 391 sacram
794 353 1128 396 confessionem
1154 371 1467 413 cruoremque,
1502 374 1656 403 coram
1676 363 1761 404 im-

490 416 578 468 piis
603 416 818 458 Romana
842 424 938 460 tum
959 422 1179 475 stigmata
1195 437 1298 465 cum
1317 426 1521 468 horribili
1539 429 1761 482 phantas-

491 488 613 523 mate
636 484 1001 537 praeferentibus,
1024 490 1259 542 signorum
1284 493 1516 534 miraculis
1543 496 1763 537 mirabili-

492 554 561 588 ter
581 550 834 592 adornatus
853 559 938 603 est,
961 560 1012 595 ut
1026 557 1233 599 oratione
1254 558 1467 610 ferventi,
1488 561 1555 602 illi
1576 561 1763 604 Israeli-

492 615 595 656 ticae
626 618 775 658 arenti
798 619 885 660 viae
911 622 1152 677 minusque
1180 626 1318 676 tritae,
1345 631 1498 668 stante
1525 628 1603 669 diu
1623 627 1763 680 Arca,
1804 639 1822 667 5

491 695 633 734 prope
673 684 871 736 glareas,
916 686 1218 741 Testamenti,
1258 693 1307 733 in
1355 694 1504 735 medio
1545 695 1765 737 Jordanis

492 749 658 799 canali,
700 752 846 793 simile
881 754 968 794 iter
1008 756 1234 808 ignotum,
1276 764 1405 800 trans
1439 762 1606 803 nobilis
1637 762 1766 804 fluvii

493 815 690 865 alveum,
729 831 830 858 cum
865 821 988 861 mille
1019 823 1144 873 viris,
1180 825 1302 866 sicco
1337 827 1600 880 ingrediens
1634 829 1765 882 pede,

493 883 726 934 suspensis
749 886 964 938 utrinque
992 890 1127 930 modo
1147 898 1484 946 praeruptorum
1505 894 1766 937 fluvialibus

493 949 717 989 montium
762 953 1037 1004 gurgitibus,
1080 958 1307 1010 aperiret3
1349 964 1395 1001 et
1433 961 1631 1014 priorem
1666 976 1765 1004 car-
1785 972 1826 1001 10

494 1014 673 1056 nificem
715 1022 848 1059 tanta
891 1021 1102 1074 prodigia
1143 1024 1374 1066 videntem
1414 1027 1461 1068 in
1502 1041 1674 1081 agnum
1707 1043 1767 1071 ex

492 1081 601 1133 lupo
624 1088 839 1134 mutaret,
862 1092 908 1126 et
930 1101 1023 1128 una
1043 1102 1196 1130 secum
1217 1092 1540 1147 triumphalem
1559 1097 1768 1151 martyrii

493 1147 694 1199 palmam
727 1152 854 1192 sitire
876 1154 1190 1198 vehementius
1214 1164 1259 1199 et
1281 1160 1487 1214 accipere
1510 1162 1672 1203 fortius
1698 1163 1766 1204 fa-

494 1220 631 1256 ceret.
707 1216 859 1259 Ceteri
891 1234 1000 1262 vero
1028 1223 1093 1263 sic
1127 1224 1318 1266 diversis
1350 1228 1626 1270 cruciatibus
1657 1231 1769 1272 torti

494 1286 618 1330 sunt,
660 1287 705 1323 et
737 1284 944 1327 inaudita
970 1291 1276 1332 membrorum
1307 1293 1613 1348 discerptione
1646 1297 1767 1338 lace·
1786 1305 1827 1334 15

494 1347 583 1387 rati
600 1354 724 1399 sunt,
738 1357 789 1392 ut
803 1353 974 1406 absque
988 1359 1277 1399 cunctamine
1291 1360 1494 1412 gloriosi,
1507 1363 1555 1403 in
1571 1364 1768 1417 egregiis

496 1413 792 1458 Hierusalem
829 1420 973 1461 veluti
1008 1424 1170 1475 portis,
1208 1428 1418 1480 martyrii
1453 1429 1525 1469 sui
1559 1430 1769 1483 trophaea

494 1480 760 1533 defigerent.
834 1485 958 1527 Nam
982 1490 1059 1541 qui
1081 1492 1417 1544 superfuerant,
1439 1495 1583 1549 sylvis
1605 1509 1659 1537 ac
1689 1497 1768 1538 de-

494 1548 628 1588 sertis
652 1550 910 1605 abditisque
932 1555 1161 1607 speluncis
1178 1571 1227 1599 se
1249 1561 1554 1612 occultavere,
1575 1576 1767 1617 exspec-

495 1619 647 1655 tantes
683 1630 711 1656 a
738 1618 867 1671 justo
900 1627 1075 1663 rectore
1111 1626 1313 1666 omnium
1344 1628 1446 1669 Deo
1478 1630 1766 1672 carnificibus
1784 1642 1829 1672 20

493 1694 654 1722 severa
695 1686 971 1740 quandoque
1007 1689 1198 1743 judicia,
1243 1693 1330 1734 sibi
1370 1708 1479 1737 vero
1511 1697 1765 1739 animarum

492 1749 735 1792 tutamina.

276 1814 448 1873 ξζῖζῡζξῖξζζ
562 1815 676 1868 §12
712 1817 864 1870 Igitur
911 1821 1102 1864 bilustro
1147 1827 1400 1879 supradicti
1443 1830 1638 1871 turbinis
1682 1844 1765 1872 nec

274 1881 387 1944 3555?sp
491 1879 599 1922 dum
635 1883 884 1938 adimpleto
919 1888 976 1928 ad
1004 1890 1251 1943 integrum,
1287 1897 1765 1952 marcescentibusque

492 2005 1760 2026 Ἃ

537 2080 549 2098 ⁴
575 2081 659 2123 Im]
686 2083 808 2123 Instar,
831 2086 869 2118 V.
1151 2091 1333 2124 Heraclius
1371 2095 1403 2124 in
1441 2104 1531 2126 some
1562 2095 1701 2136 legends
1731 2098 1770 2129 of

538 2125 551 2143 ⁵
574 2127 720 2171 Arena]
748 2132 894 2174 Art-ntis,
919 2135 970 2173 123
998 2136 1111 2175 sicem,
1146 2138 1258 2170 Alban
1290 2141 1377 2171 cited
1411 2142 1443 2172 in
1475 2142 1530 2173 the
1562 2143 1764 2185 Primordia,

492 2173 535 2204 A.
549 2175 648 2211 gloss.
1145 2195 1177 2223 p.
1196 2188 1271 2217 986.

539 2218 552 2240 7
576 2221 720 2264 Simila]
748 2226 820 2256 Om.
846 2226 883 2256 1⁷.
1196 2230 1220 2247 ¹³
1244 2233 1377 2275 Sitire]
1405 2235 1447 2266 B.
1463 2245 1471 2273 3
1489 2235 1618 2275 sistere,
1634 2235 1677 2268 A.

538 2265 550 2284 ⁷
578 2268 708 2310 Trana]
733 2271 838 2303 'l‘rans
869 2273 1032 2314 Tamesis,
1066 2276 1108 2307 R.
1194 2276 1218 2295 ¹³
1241 2279 1425 2322 Accipere]
1451 2282 1494 2313 B.
1509 2293 1517 2321 ;
1533 2283 1701 2323 excipere,
1717 2283 1760 2316 A.

499 2313 536 2344 Γ.
554 2315 591 2345 «Ι.
1194 2323 1218 2341 ¹⁵
1241 2326 1494 2369 Discerptz'one]
1539 2329 1762 2371 DistentIOne,

539 2358 551 2377 ⁷
577 2361 717 2403 Flavia]
741 2364 803 2395 See
832 2366 971 2397 Fsher's
999 2369 1109 2399 obscr—
1150 2371 1190 2402 B.
1208 2383 1215 2409 ;
1231 2373 1455 2414 decerptione,
1470 2375 1514 2407 A.

493 2408 621 2438 vations
639 2419 728 2447 upon
752 2411 817 2441 this
836 2417 909 2451 part
925 2413 1028 2445 ofthe
1048 2416 1111 2446 Le·
1192 2416 1218 2434 ²³
1240 2420 1382 2461 Igitur]
1421 2422 1483 2453 See
1515 2422 1622 2463 Beda,
1654 2423 1701 2455 H.
1720 2423 1761 2456 E.

494 2454 579 2490 gend
598 2455 629 2483 in
648 2455 699 2485 his
718 2457 883 2490 l'rimord.
902 2470 934 2498 p.
954 2463 1027 2492 151.
1145 2464 1159 2503 ξ
1177 2467 1230 2496 22.

540 2497 552 2515 ⁹
581 2501 768 2543 Utrinque]
794 2505 991 2545 Utriusque,
1008 2507 1050 2539 A.
1192 2509 1216 2527 ²³
1240 2512 1418 2554 Bilustro]
1441 2513 1512 2544 The
1523 2513 1637 2553 length
1650 2515 1762 2547 ofthis

539 2544 552 2563 ⁰
577 2547 701 2588 Modo]
728 2550 835 2590 More,
869 2552 1109 2591 V.;sim1·11tu-
1143 2558 1354 2595 persecution
1403 2559 1510 2590 under
1557 2560 1762 2602 Diocletian,

492 2591 581 2631 dinc,
598 2593 754 2633 A.gl‹1ss.
1144 2603 1255 2634 which
1286 2606 1497 2636 commenced
1529 2606 1562 2637 in
1593 2607 1648 2639 the
1681 2619 1761 2648 year

541 2637 565 2657 ¹0
589 2640 768 2683 Aperiret]
792 2642 835 2675 Α.
853 2646 926 2676 mld.
940 2646 1106 2679 Albanus,
1144 2652 1219 2689 303,
1242 2650 1270 2680 is
1293 2652 1499 2683 commented
1516 2663 1557 2683 on
1574 2654 1618 2693 by
1636 2655 1760 2696 Usher,

539 2683 563 2704 ¹⁰
589 2688 810 2731 Carnificem]
839 2692 893 2722 He
932 2693 960 2723 is
996 2694 1105 2725 called
1145 2696 1310 2728 l’rirnord.
1330 2707 1362 2737 p.
1385 2701 1456 2730 167.
