1907 3214
288 1760 437 1785 Miserable

285 1795 425 1818 condition
440 1794 471 1818 of

284 1828 332 1851 the
344 1828 461 1852 inhabit-

284 1864 356 1885 ants.

501 239 558 280 32
914 249 1142 279 ins'roRlA
1180 250 1352 279 GILDAE.

503 354 717 394 naculum
760 354 955 394 nominis
998 354 1080 394 tui.
1153 353 1214 394 Et
1249 354 1413 394 iterum
1446 353 1581 395 dicit:
1630 355 1775 405 Deus,

503 426 729 462 venerunt
750 426 910 472 gentes
936 421 983 460 in
1001 419 1316 460 haereditatem
1334 425 1460 460 tuam
1479 434 1488 472 3
1512 421 1777 474 polluerunt

505 487 727 540 templum
758 492 969 527 sanctum
1002 492 1148 535 tuum,
1172 490 1258 527 etc.
1332 486 1409 527 Ita
1427 492 1479 528 ut
1499 493 1676 528 cunctae
1698 501 1774 529 co-

502 554 670 593 lumnae
714 553 883 593 crebris
925 552 1160 602 arietibus,
1201 566 1449 606 omnesque
1486 554 1637 595 coloni
1673 568 1776 595 cum

502 620 764 673 praepositis
785 620 1006 669 ecclesiae,
1029 633 1131 660 cum
1157 620 1470 661 sacerdotibus
1504 634 1557 661 ac
1588 622 1774 674 populo,
1816 638 1834 665 5

501 687 795 728 mucronibus
826 687 1026 739 undique
1056 687 1348 736 micantibus,
1370 700 1422 728 ac
1454 687 1647 729 flammis
1679 701 1776 729 cre-

501 754 771 806 pitantibus,
803 754 936 793 simul
971 753 1069 794 solo
1101 758 1429 803 sternerentur,
1455 759 1501 795 et
1531 755 1777 795 miserabili

500 821 674 870 visu,in
694 820 841 860 medio
858 821 1230 873 platearum,ima
1248 821 1441 860 turrium
1461 821 1583 862 edito
1593 821 1777 862 cardine

500 888 780 936 evulsarum,
801 900 1125 939 murorumque
1143 887 1367 927 celsorum
1392 900 1524 937 saxa,
1545 901 1677 929 sacra
1708 889 1775 929 al—

501 954 636 1003 taria,
659 953 933 994 cadaverum
955 953 1118 1003 frusta,
1139 953 1305 994 crustis
1326 967 1379 994 ac
1399 954 1775 1008 semigelantibus
1795 969 1836 997 10

500 1020 720 1073 purpurei
743 1019 916 1060 cruoris
947 1024 1085 1069 tecta,
1106 1021 1234 1061 velut
1258 1021 1303 1060 in
1325 1020 1523 1074 quodam
1550 1021 1776 1063 horrendo

501 1087 721 1128 torculari
752 1087 899 1127 mixta
927 1087 1206 1137 viderentur,
1240 1092 1286 1128 et
1318 1088 1446 1129 nulla
1477 1093 1599 1130 esset
1630 1089 1776 1130 omni—

501 1154 663 1204 modis,
687 1159 855 1207 praeter
885 1153 1121 1194 horribiles
1156 1154 1392 1195 domorum
1428 1156 1600 1206 ruinas,
1635 1156 1776 1196 besti-

502 1233 631 1260 arum
663 1221 991 1273 volucrumque
1022 1225 1221 1270 ventres,
1254 1220 1301 1260 in
1334 1221 1483 1263 medio
1521 1222 1775 1276 sepultura,

503 1287 634 1328 salva
670 1292 933 1328 sanctarum
964 1288 1218 1327 animarum
1248 1289 1520 1338 reverentia,
1552 1289 1591 1329 si
1621 1293 1776 1330 tamen
1795 1303 1834 1331 15

504 1354 661 1394 multae
684 1354 884 1394 inventae
907 1353 1015 1403 sint,
1037 1367 1141 1406 quae
1175 1354 1329 1394 arduis
1356 1354 1463 1395 coeli
1492 1369 1574 1409 per
1592 1356 1638 1396 id
1660 1361 1775 1396 tem-

503 1421 627 1473 poris
671 1434 698 1461 a
739 1421 911 1460 sanctis
958 1421 1134 1473 angelis
1175 1420 1476 1462 vehebantur.
1549 1422 1626 1463 Ita
1656 1423 1775 1463 enim

505 1487 868 1540 degeneraverat
890 1492 1000 1529 tunc
1018 1487 1154 1529 vinea
1174 1487 1254 1528 illa
1286 1488 1394 1529 olim
1425 1489 1548 1530 bona
1571 1489 1618 1529 in
1650 1502 1774 1531 ama-

510 1554 754 1594 ritudinem
774 1567 923 1603 versa,
958 1555 1026 1594 uti
1049 1567 1169 1603 raro,
1199 1555 1448 1595 secundum
1477 1555 1774 1609 Prophetam,

506 1620 738 1662 videretur
769 1620 901 1673 quasi
933 1626 1038 1673 post
1069 1626 1247 1672 tergum
1279 1622 1661 1664 vindemiatorum
1696 1628 1777 1665 aut
1793 1635 1835 1664 20

506 1701 757 1728 messorum
779 1700 987 1727 racemus
1008 1693 1088 1728 aut
1108 1688 1250 1740 spica.

590 1754 612 1807 ξ
650 1755 722 1795 25.
776 1754 942 1807 Itaque
991 1754 1199 1794 nonnulli
1249 1755 1517 1796 miserarum
1557 1755 1774 1809 reliquia-

507 1834 605 1861 rum
639 1821 685 1861 in
721 1822 952 1862 montibus
988 1821 1259 1874 deprehensi
1301 1823 1549 1864 acervatim
1585 1824 1774 1878 jugula-

506 1888 699 1939 bantur3
724 1888 800 1929 alii
822 1888 940 1929 fame
961 1888 1153 1928 confecti
1178 1889 1464 1939 accedentes,
1484 1903 1648 1931 manus
1669 1890 1774 1931 hos—

506 1954 627 1994 tibus
662 1955 835 1995 dabant
870 1956 916 1995 in
953 1967 1102 1995 aevum
1139 1956 1368 2005 servituri,
1410 1957 1448 1996 si
1489 1962 1642 1998 tamen
1682 1971 1773 1998 non
1793 1970 1833 1998 25

503 2021 722 2061 continuo
768 2021 1121 2070 trucidarentur,
1173 2021 1293 2073 quod
1337 2022 1571 2063 altissima}
1613 2024 1774 2076 gratiae

503 2088 657 2127 stabat
698 2088 745 2127 in
786 2088 912 2137 loco;
961 2087 1038 2127 alii
1072 2088 1404 2129 transmarinas
1445 2091 1664 2142 petebant
1704 2104 1773 2131 re-

504 2154 679 2205 giones,
708 2168 809 2194 cum
834 2154 1013 2195 ululatu
1035 2167 1202 2206 magno
1234 2168 1316 2195 ceu
1349 2156 1639 2198 celeusmatis
1658 2157 1774 2208 vice,

504 2219 589 2260 hoc
628 2221 762 2261 inodo
804 2222 888 2260 sul)
922 2221 1123 2261 velorum
1160 2222 1334 2262 sinibus
1367 2228 1633 2265 cantantes:
1680 2224 1774 2265 De-

503 2287 611 2328 ‹listi
641 2301 723 2328 nos
755 2293 975 2340 tanquam
1007 2301 1115 2328 oves
1148 2301 1371 2339 escarum,
1404 2295 1449 2330 et
1480 2291 1527 2331 in
1563 2290 1776 2343 gentibus
1795 2299 1836 2328 :30

504 2354 759 2407 dispersisti
800 2368 899 2404 nos,
938 2355 1094 2395 Deus:
1132 2355 1211 2395 alii
1245 2369 1273 2396 a
1306 2358 1536 2397 montanis
1568 2357 1775 2407 collibus,

504 2421 755 2461 minacibus
790 2422 1034 2475 praeruptis
1067 2422 1244 2471 vallati,
1286 2427 1332 2463 et
1365 2423 1646 2464 densissimis
1686 2424 1777 2464 sal-

552 2573 565 2592 ³
585 2576 776 2616 Columnam]
803 2577 964 2613 (foloniw,
986 2577 1025 2607 B.
1051 2577 1089 2607 Γ.

551 2620 563 2639 ⁹
582 2623 805 2662 Erulmrum]
834 2624 975 2661 Amiso,
1002 2624 1036 2654 1⁷.
1205 2622 1231 2642 ‘3²
1249 2624 1389 2663 [taqua]
1402 2625 1462 2655 See
1474 2625 1580 2662 Beda,
1591 2625 1636 2656 H.
1649 2627 1776 2666 imas.

552 2666 888 2713 ¹⁰iS'etnigeIantibus]
903 2670 955 2708 ,Ι.;
973 2670 1123 2707 sigillan—
1205 2669 1230 2688 ²⁹
1247 2670 1406 2710 Dedisti]
1426 2671 1484 2702 Ps.
1502 2672 1587 2703 xliii.
1607 2675 1658 2704 13.

507 2715 610 2753 libus,
629 2717 671 2747 Β.
1205 2715 1227 2733 ²¹¹
1250 2716 1307 2756 1]
1330 2718 1402 2747 Um.
1428 2718 1465 2748 1⁷.

552 2760 575 2779 ¹³
592 2762 807 2803 ]I‹›7·ril›il‹¹s.]
838 2765 909 2794 0111.
931 2764 971 2794 B,
1140 2714 1142 2802 Ῐ
1205 2761 1231 2781 ³²
1255 2763 1404 2804 Vannii]
1430 2764 1586 2805 vallatis,
1606 2766 1647 2797 B.
1668 2767 1707 2798 V.

1209 2575 1232 2595 ¹⁹
1251 2577 1474 2618 Prophetam]
1500 2578 1546 2609 Is.
1564 2579 1656 2609 xxiv,
1678 2583 1728 2610 13.
