1907 3214
285 1057 391 1081 Arthnr
404 1057 470 1082 kills

284 1090 378 1115 Iiueil.

500 267 649 306 XXXlV
876 278 987 307 VITA
1021 278 1191 307 SANGTI
1226 278 1396 307 GlLDAE.

501 382 615 423 lavit
656 383 695 423 ei
738 383 849 423 talia
888 383 1059 431 dicens,
1110 387 1120 403 ‘
1146 381 1355 422 Nonnita
1406 381 1568 422 mulier
1611 385 1772 421 sancta

502 455 654 490 manet
687 449 733 489 in
768 448 976 499 ecclesia,
1011 462 1113 502 quae
1150 461 1271 489 nunc
1300 460 1548 501 praegnans
1579 461 1770 501 puerum

500 517 707 569 paritura
744 521 814 556 est
846 529 948 556 cum
979 516 1202 556 immensa
1238 514 1402 568 gratia,
1435 527 1518 568 pro
1553 528 1644 567 quo
1679 527 1771 555 non

501 582 631 635 potui
691 582 957 636 praedicare,
1014 581 1171 623 divina
1224 585 1455 635 potestate
1515 593 1770 621 sermonem

500 649 742 690 retinente.
816 648 1012 704 Majoris
1052 649 1213 702 gratiae
1250 649 1336 689 erit
1370 661 1484 702 puer
1517 652 1768 700 venturus;
1813 657 1831 683 5

502 715 657 756 nullus
688 716 729 756 ei
757 716 1063 770 aequiparabit
1098 716 1145 756 in
1176 715 1342 757 vestris
1373 715 1597 768 partibus.
1669 714 1771 767 Ego

501 782 756 835 relinquam
788 783 855 823 illi
892 783 1028 824 istam
1058 783 1307 835 regionem,
1338 782 1436 836 ipse
1469 782 1561 823 cito
1597 786 1771 822 crescet

501 855 546 889 et
580 849 760 890 florebit
792 850 847 891 de
884 855 1022 891 aetate
1052 849 1101 889 in
1134 854 1334 890 aetatem.
1406 847 1616 902 Angelus
1650 848 1770 888 enim

502 915 590 955 Dei
623 915 817 956 nuncius
848 917 959 957 mihi
990 915 1241 957 declaravit
1273 916 1409 956 istam
1439 928 1596 956 veram
1630 914 1770 955 desti-

501 982 765 1023 nationem)
1790 996 1832 1024 ιο

570 1048 655 1102 §a
690 1048 825 1089 Unde
857 1049 1051 1102 contigit
1083 1049 1205 1102 quod
1245 1048 1562 1090 sanctissimus
1604 1048 1770 1102 praedi—

500 1120 629 1156 cator
665 1114 828 1155 Gildas
862 1115 1078 1157 transivit
1113 1116 1170 1156 ad
1205 1115 1494 1165 Hiberniam,
1529 1115 1607 1156 ubi
1636 1115 1770 1156 innu-

500 1181 740 1222 merabiles
771 1182 999 1223 convertit
1031 1183 1088 1223 ad
1124 1182 1258 1223 fidem
1288 1182 1576 1223 catholicam.
1648 1181 1770 1223 Con-

502 1254 825 1302 temporaneus
853 1248 1015 1289 Gildas
1049 1250 1119 1290 vir
1150 1249 1466 1290 sanctissimus
1491 1248 1579 1290 fuit
1608 1247 1771 1290 Arturi

501 1315 620 1368 regis
661 1315 803 1356 totius
847 1315 1042 1370 Majoris
1082 1316 1354 1366 Britanniae,
1397 1329 1533 1369 quem
1573 1315 1768 1369 diligen·
1789 1327 1829 1355 15

499 1382 607 1422 dum
658 1381 894 1435 diligebat,
955 1382 1027 1423 cui
1077 1396 1255 1436 semper
1304 1382 1519 1436 cupiebat
1570 1383 1769 1424 obedire.

500 1448 768 1490 Confratres
801 1454 955 1490 tamen
986 1455 1079 1491 tres
1112 1456 1159 1491 et
1179 1450 1346 1504 viginti
1376 1450 1652 1491 resistebant
1673 1451 1771 1503 regi

499 1515 654 1556 rebelli
703 1515 940 1569 praedicto,
990 1516 1197 1558 nolentes
1243 1516 1341 1570 pati
1381 1516 1648 1566 dominium,
1689 1516 1769 1558 sed

499 1583 656 1630 crebro
688 1582 913 1635 fugabant
941 1587 986 1623 et
1017 1583 1311 1636 expellebant
1343 1596 1371 1624 a
1402 1583 1523 1624 saltu
1556 1588 1602 1624 et
1631 1583 1768 1624 bello.

500 1648 643 1689 Hueil
666 1649 814 1703 major
836 1654 947 1690 natu
968 1649 1158 1703 belliger
1179 1650 1392 1691 assiduus
1416 1655 1461 1691 et
1481 1649 1611 1690 miles
1625 1649 1769 1692 famo·
1788 1656 1832 1685 20

496 1715 704 1755 sissimus
740 1715 853 1756 nulli
888 1717 984 1769 regi
1017 1717 1233 1767 obedivit,
1270 1730 1352 1758 nec
1381 1717 1519 1757 etiam
1549 1715 1769 1759 Arthuro.
1905 1738 1907 1764 η

543 1858 552 1878 ¹
580 1861 726 1891 Nonnita
765 1884 772 1892 .
808 1885 815 1892 .
850 1885 856 1892 .
897 1862 1171 1904 catholicamffla
1207 1862 1414 1901 manuscript
1450 1861 1605 1901 formerly
1633 1863 1770 1903 belong-

497 1908 631 1939 Quoted
659 1908 703 1946 by
731 1908 854 1948 Usher,
886 1909 1053 1941 l’rimord.
1082 1920 1114 1948 p.
1151 1910 1208 1948 ing
1224 1912 1256 1939 to
1274 1909 1516 1948 Glastonbury,
1532 1909 1671 1940 entitled
1687 1910 1769 1941 ‘Se-

498 1957 571 1984 871.
1151 1960 1276 1986 cretum
1309 1956 1477 1994 Abbatis,'
1506 1965 1545 1986 as
1575 1957 1767 1997 containing

542 1998 554 2015 ⁴
579 2000 709 2039 Potui]
729 2001 771 2031 R.
796 2001 836 2031 U.
853 2011 861 2038 ;
879 2002 1029 2040 potuisti,
1048 2002 1090 2033 A.
1151 2002 1205 2032 th(¹
1228 2002 1402 2041 following
1418 2011 1574 2042 passage.
1625 2003 1683 2033 ‘In
1699 2003 1767 2034 his-

543 2044 568 2064 ¹2
579 2046 1114 2087 IIIbernimn.]Allusionismade
1150 2049 1243 2078 toriis
1270 2049 1445 2079 Britonum
1468 2049 1648 2089 invenitur,
1675 2051 1765 2089 quod

495 2097 527 2123 to
555 2092 622 2123 this
650 2094 893 2124 circumstance
914 2095 947 2124 in
973 2094 1028 2125 the
1054 2095 1115 2125 fol-
1149 2105 1207 2126 rex
1236 2095 1406 2126 Arthurus
1432 2104 1544 2135 regem
1566 2096 1688 2127 Scotiae
1717 2098 1765 2128 in-

496 2140 620 2177 lowing
658 2150 801 2178 passage
834 2140 915 2171 from
953 2141 1007 2171 the
1040 2152 1114 2180 pro-
1149 2142 1279 2173 terfccit
1302 2142 1335 2172 in
1362 2142 1460 2181 bello,
1476 2160 1522 2164 —
1538 2146 1570 2173 et
1593 2144 1764 2183 praecipue

496 2186 632 2224 phecies
670 2186 707 2216 of
735 2187 881 2225 Mcrlin3
914 2187 1113 2219 ‘Praedica-
1150 2189 1181 2218 in
1215 2189 1295 2219 Vita
1318 2189 1351 2219 S.
1380 2189 1508 2227 Gildae,
1534 2190 1683 2229 capitulo
1712 2199 1764 2230 11„

495 2236 545 2263 tor
577 2233 750 2263 Hibvrniae
790 2238 923 2273 propter
954 2235 1111 2265 infantem
1149 2236 1205 2273 qni
1234 2235 1356 2266 (fildas
1390 2236 1564 2267 Britonum
1597 2236 1763 2268 Historio-

496 2280 526 2309 in
547 2283 640 2309 utero
658 2285 859 2311 crescentem
879 2282 1113 2313 obmutescet?
1149 2282 1298 2321 grnphus
1326 2292 1467 2321 magnus
1492 2282 1557 2313 fuit
1582 2286 1615 2314 et
1644 2285 1763 2323 praeci-

547 2322 892 2370 ¹³('⁰11temporaneus,]
907 2328 1111 2359 t‘shvr‘sex-
1128 2354 1130 2365 A
1148 2339 1248 2367 puus,
1265 2332 1297 2359 et
1313 2328 1416 2360 frater
1433 2329 1553 2361 Hoelis
1576 2331 1664 2370 regis
1685 2331 1762 2362 Sco-

496 2375 597 2403 travts
625 2383 680 2404 are
710 2374 786 2403 here
815 2374 982 2411 rvsumed,
1016 2375 1112 2417 (Pri-
1146 2376 1216 2415 ᾖεν,
1240 2385 1338 2415 quem
1362 2376 1485 2407 occidit
1500 2386 1558 2407 rex
1580 2377 1764 2418 Arthurus,

497 2419 599 2450 mord.
634 2430 666 2458 1).
706 2418 798 2460 677‚)
831 2421 896 2451 and
936 2423 1110 2453 terminate
1148 2441 1186 2444 —
1207 2426 1250 2461 ct,
1285 2423 1397 2454 Scotia
1430 2424 1622 2463 subjugata,
1663 2425 1763 2456 rediit

496 2464 578 2494 with
597 2465 652 2495 the
670 2467 762 2496 word
778 2468 786 2483 ‘
801 2467 954 2498 hostem.’
1146 2469 1423 2508 cumn-iuniphoss
1460 2470 1530 2500 The
1548 2480 1638 2502 same
1649 2472 1763 2502 writer

543 2509 566 2528 ¹⁴
591 2510 737 2552 fit-turi]
756 2512 910 2550 Arthuri,
932 2515 1046 2545 Usher.
1146 2516 1248 2546 refers
1275 2519 1307 2546 to
1333 2516 1387 2545 the
1410 2515 1572 2547 Defensio
1598 2517 1761 2549 Historia}

542 2555 783 2599 ¹⁸[)⁰miuinm.]
794 2560 1109 2600 Domi1unn‚L'⁷sl1er-.
1147 2562 1332 2593 Britanniae
1359 2561 1396 2592 os
1414 2562 1467 2592 Sir
1485 2563 1575 2593 John
1600 2563 1699 2595 Prion
1723 2575 1760 2596 as

539 2601 565 2620 ‘³¹'
590 2604 723 2645 1111‹11·!.]
746 2606 850 2645 Huel,
876 2607 990 2639 Fsher.
1040 2608 1110 2639 The
1145 2608 1298 2648 showing
1321 2608 1391 2639 that
1414 2618 1434 2639 a
1452 2611 1675 2641 monumenta]
1699 2612 1760 2650 pil-

496 2649 627 2687 Legvnd
669 2651 705 2681 of
733 2653 870 2692 (fildas,
901 2653 1033 2692 printed
1066 2655 1110 2694 by
1144 2655 1196 2686 lar
1219 2665 1291 2686 was
1318 2655 1450 2685 created
1477 2666 1567 2694 upon
1598 2656 1653 2687 the
1685 2662 1760 2696 spot

495 2697 668 2736 Mnbillon,
721 2699 793 2729 also
840 2701 1001 2731 mentions
1044 2701 1109 2732 this
1145 2701 1256 2731 where
1298 2701 1417 2732 Howvl
1451 2712 1521 2733 was
1553 2702 1650 2734 slain.
1686 2705 1759 2735 Pri-

491 2742 677 2774 individua!
719 2746 826 2776 under
862 2747 917 2777 tho
950 2758 1045 2778 nanu·
1078 2749 1127 2779 of*
1146 2749 1390 2785 111‹›1·‹1.p.‹;77.

490 2789 579 2819 (nili
599 2791 647 2829 (p.
670 2793 742 2829 130,
761 2800 773 2831 ς
794 2795 841 2832 2).
862 2794 970 2824 Uslwr
991 2779 1128 2832 quotes!
1193 2793 1213 2810 ²¹
1241 2794 1415 2834 Aristum]
1434 2795 1607 2835 Artliurio,
1630 2797 1743 2828 Ushcr.
