1891 3214
289 443 775 502 HISTORIA
869 437 1222 493 GILDAE.

193 728 279 784 §3.
313 727 597 768 BRITANNIA
618 718 771 760 insula
800 717 848 756 in
874 718 1080 755 extremo
1111 709 1251 750 ferme
1275 705 1396 746 orbis

125 796 270 837 limite
300 792 487 834 circium
521 786 893 835 occidentemque
925 790 1101 826 versus,
1138 774 1308 822 divina,
1346 776 1398 811 ut

127 862 309 911 dicitur,
331 863 506 900 statera
537 860 670 895 terrae
694 851 836 892 totius
863 843 1181 901 ponderatrice
1200 841 1367 881 librata
1387 851 1396 887 ;

91 930 186 977 5ab
227 927 386 969 Africo
426 921 589 965 boriali
630 916 902 973 propensius
942 918 1075 953 tensa
1118 909 1211 957 axi,
1253 905 1397 946 octin-

130 1000 373 1050 gentorum
403 991 452 1032 in
481 989 622 1041 longo
657 984 865 1031 millium,
900 980 1200 1021 ducentorum
1227 973 1274 1013 in
1305 972 1400 1012 lato

131 1062 348 1117 spatium,
385 1055 591 1109 exceptis
622 1053 905 1093 diversorum
936 1042 1261 1099 prolixioribus
1295 1051 1399 1091 pro-

130 1127 461 1170 montoriorum
519 1119 771 1167 tractibus3
829 1127 932 1167 quae
990 1109 1190 1152 arcuatis
1243 1104 1401 1146 oceani

131 1195 305 1236 sinibus
345 1189 602 1238 ambuitur3
656 1184 788 1238 cujus
835 1178 1083 1224 diffusiore,
1129 1180 1190 1224 et,
1236 1177 1288 1212 ut
1336 1171 1402 1210 ita

73 1281 114 1309 10
131 1262 296 1311 dicam,
334 1251 696 1300 intransmeabili
741 1248 943 1301 undique
995 1242 1181 1290 circulo,
1229 1239 1401 1289 absque

76 1614 116 1643 15

131 1327 395 1370 meridianae
429 1323 546 1364 freto
578 1320 746 1373 plagae,
782 1328 873 1369 quo
910 1311 968 1352 ad
1005 1308 1207 1351 Galliam
1245 1304 1400 1355 Belgi-

132 1408 234 1437 cam
266 1393 528 1444 navigatur,
564 1385 753 1432 vallata,
790 1382 985 1421 duorum
1021 1375 1150 1416 ostiis
1182 1370 1401 1412 nobilium

133 1459 374 1503 Thamesis
405 1469 459 1498 ac
491 1452 697 1495 Sabrinae
730 1447 984 1493 fluminum,
1016 1440 1160 1482 veluti
1189 1436 1402 1483 brachiis,

134 1542 215 1582 per
245 1539 349 1580 quae
380 1523 526 1565 eidem
557 1519 665 1561 olim
700 1512 1020 1557 transmarinae
1057 1506 1231 1548 deliciae
1267 1503 1403 1543 vehe-

135 1596 306 1636 bantur
338 1591 530 1637 ratibus,
562 1586 846 1635 aliorumque
879 1579 1120 1623 minorum,
1152 1570 1405 1617 meliorata,

137 1662 206 1703 bis
244 1659 373 1701 denis
402 1656 563 1707 bisque
594 1648 829 1705 quaternis
861 1645 1006 1697 fulget
1039 1639 1320 1685 civitatibus,
1353 1648 1405 1675 ac

136 1725 370 1769 nonnullis
399 1720 600 1764 castellis
627 1718 885 1762 decoratur,
919 1719 1168 1754 murorum,
1197 1702 1407 1750 turrium,

138 1797 417 1835 serratarum
446 1792 699 1842 portarum,
731 1782 1075 1829 domorumque,
1099 1783 1292 1825 quorum
1314 1768 1408 1809 cul-

144 1884 1406 1917 f

476 1953 592 1984 'Nous
617 1958 684 1981 Axn
707 1948 861 1978 mmor-s
887 1944 1072 1974 Rmmscs.

188 2037 198 2057 ¹
226 2035 364 2076 Gilda]
388 2034 429 2066 In
459 2032 534 2064 MS.
566 2031 609 2061 A.
644 2030 673 2060 is
703 2028 758 2058 the
844 2023 868 2041 ¹5
886 2019 1088 2059 Melioruta]
1107 2017 1254 2056 Munna,
1278 2015 1338 2054 V.;
1361 2024 1412 2045 or-

142 2085 314 2123 following
323 2081 550 2118 introductory
561 2081 636 2108 note
651 2087 658 2107 :
675 2076 684 2092 ‘
698 2075 758 2105 Lo-
795 2075 884 2109 nata,
900 2069 943 2100 A.
959 2069 1057 2107 gloss.

143 2142 204 2164 cus
230 2132 266 2162 in
291 2139 358 2170 quo
383 2128 494 2159 factus
519 2129 570 2156 est
595 2124 649 2154 hic
675 2122 761 2152 liber
844 2115 868 2134 ¹5
892 2113 1042 2154 Fulget]
1065 2111 1135 2142 The
1173 2112 1306 2148 present
1336 2117 1413 2146 pas-

144 2182 195 2210 est
217 2177 360 2214 Guales,
382 2174 493 2205 insula
517 2171 657 2209 marina,
679 2172 760 2198 tem·
796 2174 875 2203 sage
900 2160 1081 2197 extending
1105 2158 1186 2188 froin
1211 2156 1277 2185 this
1297 2155 1362 2184 line
1379 2158 1412 2183 to

145 2234 224 2265 pore
241 2222 382 2254 Arthuri
405 2220 507 2259 regis,
529 2226 671 2257 persona
687 2214 761 2246 Gil-
796 2211 850 2241 the
879 2209 943 2239 end
967 2206 1004 2237 of
1031 2205 1086 2235 the
1118 2203 1243 2233 Section
1275 2200 1348 2237 has,
1379 2201 1411 2229 in

145 2272 199 2302 dae
215 2267 406 2309 Sapientis!
797 2257 862 2286 this
879 2255 945 2285 and
965 2251 1092 2283 several
1115 2249 1209 2279 other
1234 2248 1413 2283 instances,

194 2316 206 2334 ⁸
231 2313 430 2353 Tractibus]
454 2311 517 2342 Vel
530 2308 700 2345 ductibus,
717 2306 760 2336 A.
797 2303 880 2333 been
896 2297 1059 2331 amended
1076 2297 1169 2334 b5an
1186 2296 1315 2324 extract
1330 2291 1411 2322 from

144 2365 244 2405 gloss.
576 2357 580 2360 ’
797 2350 806 2365 ‘
825 2347 947 2379 Gildas
970 2345 1012 2375 de
1035 2341 1178 2373 miseriis
1201 2343 1233 2370 et
1256 2338 1414 2377 praevari-

194 2408 207 2427 ⁹
237 2405 443 2446 Ambustum]
478 2402 682 2434 Ambiuntur
716 2402 763 2428 te·
798 2394 985 2425 cationibus
1003 2394 1035 2420 et
1054 2387 1186 2419 excidio
1205 2384 1413 2422 Britanniae‚’

146 2466 241 2495 nens,
263 2456 303 2486 V.
799 2440 909 2471 which
937 2440 965 2469 is
996 2434 1142 2467 inserted
1170 2434 1202 2462 in
1226 2431 1281 2461 the
1309 2432 1317 2447 ‘
1336 2431 1415 2460 Vita

195 2502 208 2522 ⁹
231 2498 444 2543 Diff'usiore]
468 2495 671 2530 Dfflusione,
684 2491 762 2521 MS.
801 2486 932 2519 Gildae’
949 2481 1080 2524 printed
1097 2482 1140 2519 by
1155 2477 1332 2515 MabiHon,
1348 2477 1416 2507 Ac-

198 2547 220 2567 ¹¹
246 2545 445 2588 Belgicam]
470 2543 611 2581 Belgica
637 2539 764 2574 Prima,
802 2538 834 2565 ta
858 2534 915 2564 SS.
943 2530 1026 2563 Ord.
1061 2529 1095 2559 S.
1126 2525 1252 2557 Bened.
1286 2525 1307 2554 i.
1341 2526 1416 2562 130,

149 2597 183 2628 in
204 2605 273 2636 qua
294 2598 346 2626 est
374 2589 566 2630 metropolis
591 2585 765 2621 Treveris3
801 2581 880 2611 edit.
899 2580 1016 2609 X'enet.
1036 2577 1131 2606 1733.

150 2643 293 2683 Belgica
333 2638 499 2676 Secunda,
539 2637 572 2666 in
612 2643 679 2672 qua
716 2634 766 2661 est
850 2625 874 2644 ¹⁵
900 2620 1125 2659 Civitatibus]
1150 2619 1211 2649 See
1234 2616 1289 2646 the
1312 2615 1368 2644 list
1384 2613 1421 2643 of

149 2690 310 2721 transitus
331 2687 375 2718 ad
396 2683 617 2720 Britanniam,
639 2681 671 2710 in
700 2686 766 2716 qua
803 2673 894 2704 these
926 2671 1021 2702 cities
1048 2669 1081 2698 in
1108 2664 1245 2696 L‘sher's
1273 2662 1418 2692 Primor-

150 2740 202 2768 est
223 2734 414 2774 metropolis
435 2732 554 2763 civitas
578 2728 767 2762 Remorum,
803 2721 872 2755 dia,
889 2729 921 2758 p.
940 2720 994 2754 59,
1010 2714 1089 2745 edit.
1108 2711 1212 2743 Dubl.
1231 2711 1326 2739 1639.

151 2783 194 2815 Α.
212 2792 314 2822 marg.
852 2765 876 2782 ¹¹⁵
901 2756 1073 2804 Quorum]
1099 2761 1264 2793 Quarum,
1289 2753 1416 2784 nabin.

1415 710 1533 736 Britain.
1551 710 1585 734 its

1416 744 1603 775 description:
