1891 3214
562 241 786 271 EPISTOLA
821 243 990 272 Ginnffl.
1349 237 1406 275 45)

139 344 281 394 Sauli,
301 358 384 397 pro
407 357 476 394 eo,
499 345 618 397 quod
641 346 850 398 quaedam
883 347 937 387 de
964 347 1190 387 mandatis
1215 349 1402 390 Domini

137 424 228 452 non
255 411 575 464 compleverat,
608 412 777 461 dicens,
800 413 948 453 Stulte
971 414 1121 466 egisti,
1143 428 1224 455 nec
1248 422 1400 457 custo-

135 477 243 518 disti
271 478 487 518 mandata
518 478 703 518 Domini
723 479 811 519 Dei
833 480 913 528 tui,
936 494 1037 532 qua:
1066 482 1281 534 praecepit
1304 483 1398 524 tibi.

138 542 273 593 Quod
297 544 445 584 sinon
466 544 664 593 fecisses,
680 545 777 598 jain
798 559 916 585 nunc
940 553 1120 599 pararet
1144 547 1270 587 Deus
1296 563 1397 600 reg-

97 625 116 651 5
136 622 243 649 num
276 616 403 650 tuum
435 623 571 662 super
604 610 748 650 Israel
780 611 825 650 in
858 613 1196 664 sempiternum,
1219 615 1296 653 sed
1321 629 1397 655 ne-

134 689 363 728 quaquam
396 689 584 728 regnum
618 682 746 716 tuum
786 678 907 717 ultra
945 685 1202 730 consurget.
1275 680 1397 730 Quid

134 755 242 794 ergo
263 742 408 782 simile
431 742 565 795 hujus
588 743 805 795 temporis
837 744 1080 784 sceleribus
1109 745 1395 796 adulterium,

133 821 189 848 ne
210 808 282 848 vel
314 808 605 861 parricidium
626 808 766 849 fecit?
840 809 982 850 Nullo
1004 811 1164 861 modo3
1199 812 1275 851 sed
1293 812 1393 865 jus-

133 873 274 914 sionis
296 888 354 914 ex
376 880 505 927 parte
526 875 841 924 mutationem,
859 876 980 928 quia,
1003 882 1051 916 ut
1075 878 1188 917 bene
1209 878 1393 929 quidam

74 955 114 983 10
133 945 338 981 nostrum
361 941 440 990 ait,
465 954 555 981 non
585 941 737 993 agitur
764 942 818 981 de
846 942 1065 994 qualitate
1095 944 1285 995 peccati,
1314 945 1392 985 scd

132 1006 187 1046 de
226 1007 589 1059 transgressione
630 1007 848 1048 mandati.
952 1008 1116 1060 Itaque
1155 1009 1281 1049 illuin
1313 1012 1391 1050 ob-

125 1071 265 1126 jecta,
314 1074 439 1114 velut
479 1074 686 1126 putabat,
724 1079 1012 1126 purgantem,
1055 1080 1099 1114 et
1139 1076 1391 1128 apologias,

131 1143 182 1178 ut
202 1139 381 1191 generis
410 1139 595 1179 humani
625 1140 762 1179 moris
790 1146 874 1188 est,
904 1140 1130 1192 sagaciter
1152 1141 1236 1181 hoc
1258 1142 1391 1183 inodo

131 1204 464 1246 adnectantem.
532 1205 632 1245 Imo
653 1205 805 1246 audivi
826 1219 982 1246 vocem
1010 1206 1209 1255 Domini,
1231 1213 1273 1248 et
1296 1221 1390 1247 am—

73 1287 112 1315 15
130 1271 283 1313 bulavi
302 1271 347 1312 in
370 1272 446 1312 via
471 1285 552 1324 per
569 1285 704 1323 quam
730 1272 853 1312 misit
878 1285 963 1321 me,
996 1273 1077 1312 tali
1109 1274 1392 1314 animadver-

130 1337 257 1379 sione
290 1338 518 1386 multavit‚
555 1337 774 1390 Nunquid
807 1339 921 1387 vult,
957 1338 1120 1391 inquit,
1166 1340 1390 1379 Dominus

131 1403 411 1452 holocausta,
442 1409 520 1443 aut
548 1404 773 1452 victimas,
805 1410 850 1444 et
882 1417 972 1443 non
995 1405 1143 1457 potius
1167 1411 1215 1445 ut
1235 1406 1388 1445 obedi—

131 1475 235 1510 atur
255 1470 356 1510 voci
388 1469 605 1510 Domini?
678 1470 844 1509 Melior
871 1476 941 1509 est
968 1471 1086 1510 enim
1118 1472 1389 1521 obedientia,

130 1549 266 1588 quam
301 1536 525 1586 victimae3
571 1541 615 1576 et
658 1536 811 1575 audire
858 1536 1018 1587 magis,
1060 1550 1195 1588 quam
1232 1538 1390 1578 otl'erre

74 1617 116 1646 20
129 1603 307 1656 adipem
339 1602 556 1651 arietum;
596 1602 809 1653 quoniam
846 1601 962 1641 sicut
998 1609 1233 1654 peccatum
1272 1605 1390 1644 ario-

128 1669 252 1709 landi
283 1674 352 1709 est
383 1681 652 1721 repugnare,
685 1667 749 1707 ita
780 1668 909 1720 quasi
940 1668 1086 1707 scelus
1119 1669 1388 1710 idololatrian

130 1735 249 1775 nolle
286 1734 586 1787 acquiescere.
659 1733 751 1773 Pro
790 1747 842 1774 eo
880 1747 988 1785 ergo
1029 1735 1147 1787 quod
1182 1736 1387 1788 abjecisti

129 1814 382 1842 sermonem
405 1800 606 1849 Domini,
639 1799 806 1853 abjecit
834 1806 877 1840 et
908 1805 967 1849 te,
997 1814 1052 1839 ne
1073 1800 1135 1839 sis
1159 1815 1253 1841 rex.
1330 1802 1389 1842 Et

128 1873 233 1920 post
263 1880 425 1921 pauca,
447 1866 604 1915 Scidit,
626 1866 788 1918 inquit,
810 1867 936 1906 Deus
968 1880 1156 1917 regnum
1190 1867 1333 1907 Israel
1360 1881 1387 1907 a

67 1953 109 1982 25
129 1938 173 1974 te
207 1933 355 1982 hodie,
393 1939 437 1974 et
467 1933 590 1973 dedit
620 1932 730 1972 illud
763 1933 971 1985 proximo
1004 1938 1082 1973 tuo
1117 1933 1291 1973 meliori
1328 1940 1386 1974 te.

130 1999 274 2040 Porro
303 1999 607 2052 triumphator
636 2000 681 2039 in
713 1998 855 2039 Israel
887 2012 976 2038 non
1010 2005 1180 2051 parcet,
1213 2005 1257 2039 et
1290 2014 1387 2052 poe-

128 2066 333 2107 nitudine
363 2080 454 2107 non
480 2066 700 2114 flectetur,
728 2078 872 2117 neque
900 2065 1019 2105 enim
1052 2065 1185 2104 homo
1222 2072 1306 2114 est,
1339 2072 1389 2106 ut

128 2139 235 2184 agat
263 2132 597 2185 poenitentiam,
629 2132 912 2179 subauditur,
941 2144 1076 2183 super
1104 2131 1227 2170 duris
1247 2132 1388 2171 malo-

127 2211 225 2237 rum
249 2197 525 2250 praecordiiS.
579 2197 844 2237 Notandum
873 2210 981 2247 ergo
1008 2203 1092 2243 est,
1115 2197 1233 2247 quod
1255 2197 1387 2245 dixit,

66 2283 107 2313 30
127 2264 274 2304 scelus
291 2263 558 2303 idololatria?
579 2275 676 2302 esse
692 2262 810 2302 nolle
835 2262 934 2302 Deo
949 2262 1248 2312 acquiescere.
1280 2262 1385 2302 Non

126 2343 235 2382 ergo
257 2329 341 2369 sibi
368 2329 574 2369 scelerati
599 2327 688 2375 isti,
712 2328 816 2367 dum
842 2340 931 2366 non
954 2326 1157 2377 gentium
1180 2328 1264 2366 diis
1287 2341 1386 2379 per-

126 2396 280 2449 spicue
304 2396 452 2442 litant,
470 2393 790 2446 supplaudant,
809 2392 1027 2445 siquidem
1052 2393 1386 2441 conculcantes,

126 2475 365 2515 porcorum
397 2474 535 2509 more,
572 2459 924 2512 preciosissimas
959 2458 1130 2498 Christi
1167 2459 1387 2511 margari-

127 2533 213 2578 tas,
236 2528 489 2569 idololatrae
511 2532 631 2566 sunt.

171 2742 184 2760 ²
200 2742 336 2783 Stulta]
355 2745 371 2773 1
391 2743 479 2774 Sam.
498 2742 569 2772 xiii.
588 2744 638 2772 13.
755 2738 761 2782 Ι
823 2737 854 2787 ,Η
874 2738 968 2778 Imm]
989 2740 1001 2768 l
1018 2738 1106 2768 Sam.
1119 2746 1179 2824 ἔκ.
1198 2739 1251 2775 20,
1269 2740 1321 2775 22,
1339 2741 1391 2767 28.

1107 2791 1120 2825 ἑ
1170 2797 1192 2824 F.
