1891 3214
581 244 804 274 EPlsTOLA
840 246 1010 275 eleo-F„
1369 239 1423 277 97

157 347 324 398 culum,
345 355 391 390 et
415 356 569 392 votum
606 352 777 393 faciens
806 354 1011 394 immolat
1042 354 1188 394 debile
1210 355 1422 404 Domino,

157 415 266 467 quia
296 429 378 456 rex
409 430 604 469 magnus
633 433 718 471 ego
751 433 867 469 sum,
900 421 1009 461 dicit
1033 421 1258 461 Dominus
1291 434 1421 461 exer-

157 481 344 532 cituum,
382 488 428 524 et
461 498 625 525 nomen
663 499 810 526 meum
850 487 1062 527 horribile
1100 488 1145 527 111
1191 488 1420 540 gentibus.

157 547 218 588 Et
249 561 369 589 nunc
402 550 459 590 ad
482 564 563 591 vos
597 553 863 592 mandatum
892 553 992 602 hoc,
1015 553 1053 593 O
1077 554 1352 602 sacerdotes,
1385 555 1423 594 si

118 629 136 656 5
157 614 393 656 nolueritis
430 617 585 658 audire
619 623 665 658 et
698 632 865 671 ponere
912 633 1049 672 super
1086 633 1180 669 cor,
1214 626 1265 660 ut
1304 620 1421 660 detis

155 681 350 733 gloriam
381 683 554 724 nomini
591 698 708 734 mee,
750 686 815 726 ait
856 685 1082 726 Dominus
1122 687 1420 735 exercituum,

154 747 332 788 mittam
360 749 406 790 in
430 763 512 791 vos
544 756 813 803 egestatem,
842 757 888 792 et
920 752 1186 792 maledicam
1211 753 1420 792 benedic-

154 813 355 855 tionibus
377 817 558 867 vestris,
581 819 795 870 quoniam
819 831 909 859 non
930 819 1147 871 posuistis
1168 832 1305 871 super
1326 832 1418 859 cor.

155 880 289 931 Ecce,
311 895 395 935 ego
410 883 647 937 projiciam
669 885 798 925 vobis
821 885 1071 934 brachium,
1094 891 1139 925 et
1159 885 1419 937 dispergam

94 958 136 986 10
154 960 291 1000 super
317 949 494 990 vultum
522 955 723 991 vestrum
754 956 929 991 stercus
951 951 1292 992 sollemnitatum
1318 965 1418 991 ves-

154 1019 342 1056 trarum.
414 1016 502 1056 Sed
523 1017 713 1066 interea,
735 1022 780 1057 ut
804 1018 982 1057 avidius
1004 1031 1179 1070 organa
1204 1018 1417 1070 nequitia}

154 1083 424 1134 praeparetis
464 1083 521 1123 ad
562 1083 698 1132 bona,
738 1084 845 1135 quid
884 1084 939 1123 de
978 1089 1139 1124 sancto
1184 1084 1419 1123 sacerdote

153 1147 292 1197 dicat,
314 1149 353 1188 si
372 1149 825 1202 quantulumcunque
851 1149 999 1189 adhuc
1036 1150 1201 1190 interni
1235 1150 1418 1190 auditus

152 1213 199 1253 in
221 1215 351 1255 vobis
372 1221 591 1265 remanet,
614 1216 897 1257 auscultate:
934 1216 1126 1256 Pactum
1160 1230 1324 1265 meum,
1351 1216 1417 1255 in-

95 1290 133 1317 15
153 1281 330 1333 quiens,
351 1281 438 1323 fuit
459 1295 560 1322 cum
581 1283 759 1322 eo--de
780 1282 891 1321 Levi
913 1295 1124 1334 namque,
1147 1283 1217 1322 vel
1240 1283 1418 1335 Moyse,

151 1349 401 1388 secundum
442 1348 678 1389 historiam
714 1349 1162 1401 loquebatur—vitm
1201 1354 1245 1388 et
1277 1349 1419 1400 pacis,

152 1413 255 1454 dedi
276 1415 317 1455 ei
339 1416 546 1456 timorem
567 1420 612 1455 et
635 1416 785 1455 timuit
806 1428 892 1464 me,
914 1428 941 1454 a
962 1415 1075 1455 facie
1103 1415 1297 1455 nominis
1333 1415 1417 1454 mci

153 1482 367 1533 pavebat,
390 1482 465 1521 lex
485 1481 693 1522 veritatis
715 1481 798 1521 suit
823 1481 867 1521 in
891 1495 967 1521 ore
1000 1481 1114 1534 ejus,
1136 1487 1179 1521 et
1200 1482 1418 1533 iniquitas

154 1560 242 1588 non
268 1553 338 1588 est
358 1549 547 1588 inventa
568 1548 614 1588 in
637 1548 768 1587 labiis
800 1547 915 1601 eJUS,
936 1549 981 1587 in
1004 1561 1115 1600 pace
1138 1553 1183 1588 et
1204 1548 1249 1587 in
1276 1548 1417 1599 >equi-

91 1626 133 1654 20
152 1618 248 1654 tate
280 1614 533 1655 ambulavit
560 1627 751 1663 mecum,
772 1620 815 1654 et
848 1614 1015 1654 multos
1048 1614 1213 1654 avertit
1245 1614 1302 1653 ab
1334 1614 1418 1653 ini-

152 1680 344 1733 quitate.
417 1680 563 1721 Labia
582 1681 701 1721 enim
722 1680 972 1721 sacerdotis
994 1681 1251 1720 custodient
1273 1680 1418 1719 scien-

152 1747 279 1796 tiam,
303 1752 349 1788 et
369 1747 516 1799 legem
548 1747 781 1799 requirent
813 1760 871 1787 ex
903 1760 979 1786 ore
1006 1747 1121 1800 ejus,
1148 1746 1255 1799 quia
1277 1759 1417 1795 auge-

152 1813 223 1852 lus
245 1813 433 1854 Domini
457 1814 739 1854 exercituum
769 1818 853 1853 est.
928 1813 1063 1852 Nunc
1095 1814 1201 1853 item
1224 1812 1420 1852 mutavit

153 1892 352 1929 Sensum,
384 1884 429 1920 et
450 1880 594 1921 malos
615 1880 850 1932 increpare
881 1893 971 1919 non
1000 1879 1182 1928 desinit,
1204 1878 1318 1927 Vos,
1350 1879 1418 1918 in-

93 1956 134 1984 25
153 1947 330 1999 quiens,
351 1947 603 1987 recessistis
625 1946 680 1986 de
703 1947 794 1995 via,
816 1950 861 1986 et
881 1945 1284 1986 descandalizastis
1318 1945 1417 1997 plu—

153 2013 291 2053 rimos
312 2013 358 2053 in
378 2013 495 2066 lege,
512 2018 557 2053 et
576 2013 754 2053 irritum
774 2012 944 2052 fecistis
965 2017 1149 2064 pactum
1171 2025 1271 2050 (zum
1292 2011 1419 2059 Levi,

153 2078 264 2119 dicit
284 2079 510 2119 Dominus
539 2079 838 2119 exercituum.
911 2077 1108 2131 Propter
1128 2078 1246 2130 quod
1269 2083 1313 2117 et
1335 2091 1419 2130 ego

153 2144 256 2185 dedi
276 2158 358 2185 vos
379 2144 711 2186 contemtibiles
737 2150 782 2184 et
814 2144 1005 2183 humiles
1028 2144 1073 2183 in
1096 2144 1305 2184 omnibus
1338 2157 1417 2195 po-

154 2211 290 2263 pulis,
312 2211 430 2251 sicut
457 2224 547 2251 non
580 2211 797 2250 servastis
823 2210 918 2249 vias
950 2223 1091 2258 1110115,
1113 2215 1158 2249 et
1179 2209 1419 2260 accepistis

94 2290 135 2319 30
155 2277 316 2318 faciem
350 2277 397 2317 in
431 2277 547 2329 lege.
621 2276 841 2328 Nunquid
883 2288 972 2315 11011
1007 2281 1134 2327 pater
1170 2288 1288 2314 unus
1323 2288 1418 2313 om-

155 2344 280 2383 nium
313 2344 551 2384 nostrum?
585 2342 789 2394 nunquid
824 2355 913 2381 non
938 2341 1064 2381 Deus
1101 2354 1218 2380 unus
1247 2341 1419 2380 creavit

155 2411 269 2450 nos?
342 2409 496 2460 Quare
528 2422 637 2460 crgo
669 2408 861 2461 despicit
892 2408 1204 2459 unusquisque
1235 2407 1418 2446 fratrem

154 2477 317 2516 suum?
390 2476 450 2516 Et
482 2475 661 2523 iterum,
698 2474 814 2514 Ecce
846 2474 997 2513 veniet
1031 2474 1254 2513 Dominus
1290 2486 1420 2511 exer-

154 2543 339 2591 cituum,
373 2548 419 2583 et
452 2542 552 2595 quis
591 2541 758 2593 poterit
789 2540 1000 2591 ,cogitare
1034 2540 1149 2579 diem
1195 2539 1420 2579 adventus

95 2618 135 2646 35
155 2609 286 2662 ejus?
334 2614 380 2649 et
416 2609 517 2661 quis
550 2608 691 2647 stabit
730 2606 785 2646 ad
822 2606 1065 2646 videndum
1103 2607 1240 2645 eum?
1316 2605 1420 2656 lpse

471 2740 482 2758 ⁴
501 2742 543 2771 Et
563 2751 642 2771 nunc
663 2764 668 2771 .
691 2764 696 2770 .
717 2739 820 2776 ‚facti
838 2738 940 2777 surm]
967 2739 1039 2768 Om.
1065 2738 1101 2768 V.

1140 2803 1216 2841 :311
