1891 3214
563 284 789 313 Eris'rom
823 284 994 313 GlLDAE.
1356 273 1411 313 57

142 386 347 438 quitate;
380 386 502 427 labia
522 393 678 428 vestra
708 388 862 428 locuta
893 393 999 428 sunt
1032 386 1333 436 mendacium,
1366 393 1411 428 ct

142 452 301 504 lingua
336 459 489 494 vestra
536 454 825 506 iniquitatem
869 454 1004 494 satur.
1079 453 1185 493 Non
1226 459 1295 493 est
1333 455 1410 506 qui

143 524 276 559 vocet
301 519 547 573 justitiam,
580 534 726 573 neque
760 527 829 561 est
865 522 941 573 qui
970 520 1144 574 judicet
1178 534 1298 569 vere,
1331 521 1409 560 sed

143 585 377 626 confidunt
423 587 469 626 in
516 587 642 636 nihil,
690 593 734 627 et
780 588 1030 639 loquuntur
1070 586 1312 635 vanitates,
1365 593 1411 627 et

104 663 122 690 5
143 658 449 705 conceperunt
471 653 688 701 dolorem,
723 659 768 693 et
801 658 1075 705 pepererunt
1106 653 1409 704 iniquitatem.

144 717 205 758 Et
236 718 372 767 infra,
407 718 561 770 Opera
596 732 751 759 eorum
788 719 983 768 inutilia,
1015 724 1060 759 et
1096 731 1211 771 opus
1243 719 1409 771 iniqui-

143 784 252 825 tatis
275 784 322 824 in
343 785 552 825 manibus
572 799 743 826 eorum.
816 785 964 826 Pedes
985 798 1140 825 eorum
1162 785 1208 824 in
1241 785 1409 825 malum

143 856 358 902 currunt3
381 857 427 892 et
447 850 681 901 festinant,
713 857 764 892 ut
791 852 1028 892 effundant
1049 851 1318 903 sanguinem
1341 852 1409 891 in-

144 924 398 958 nocentem.
471 917 787 970 Cogitationes
818 932 973 959 eorum
1006 918 1308 969 cogitationes
1340 918 1409 957 in-

84 996 124 1024 10
144 984 294 1033 utiles,
317 984 511 1024 vastitas
535 991 579 1025 et
600 984 815 1025 contritio
846 985 892 1024 in
913 985 997 1025 viis
1029 997 1200 1032 eorum,
1224 990 1268 1024 et
1289 984 1410 1024 viam

143 1050 270 1102 pacis
311 1064 402 1091 non
441 1056 773 1103 cognoverunt,
808 1056 853 1091 et
890 1064 980 1091 non
1012 1055 1081 1090 est
1109 1050 1331 1103 judicium
1364 1050 1409 1090 in

143 1116 375 1169 gressibus
396 1130 566 1157 eorum.
638 1117 821 1157 Semitae
844 1130 998 1157 eorum
1031 1116 1282 1156 incurvatae
1304 1122 1411 1157 sunt

143 1183 224 1232 eis,
267 1183 413 1223 omnis
455 1182 533 1235 qui
579 1183 727 1223 calcat
778 1182 825 1223 in
875 1183 955 1231 eis,
1004 1182 1187 1234 ignorat
1236 1195 1410 1235 pacem.

145 1247 343 1302 Propter
373 1249 459 1290 hoc
492 1249 755 1302 elongatum
785 1255 854 1290 est
880 1249 1104 1303 judicium
1141 1261 1167 1288 a
1190 1249 1334 1298 vobis,
1367 1255 1412 1289 et

84 1327 123 1355 15
144 1328 235 1356 non
256 1315 567 1368 apprehendet
588 1328 670 1355 vos
685 1315 884 1369 justitia.
957 1315 1016 1355 Et
1034 1320 1137 1367 post
1167 1328 1328 1367 pauca,
1351 1315 1411 1355 Et

143 1394 414 1423 conversum
465 1388 534 1422 est
584 1387 829 1422 retrorsum
868 1381 1108 1435 judicium,
1152 1386 1195 1421 et
1228 1381 1412 1433 justitia

143 1448 280 1500 longe
320 1448 464 1497 stetit,
506 1448 613 1500 quia
656 1448 825 1487 corruit
865 1448 910 1487 in
946 1447 1102 1499 platea
1139 1447 1324 1496 veritas,
1366 1453 1412 1487 et

145 1515 339 1567 aequitas
360 1528 453 1555 non
484 1514 633 1567 potuit
655 1514 846 1565 ingredi.
919 1513 978 1553 Et
1000 1513 1121 1553 facta
1153 1518 1221 1553 est
1240 1514 1410 1554 veritas

143 1581 190 1620 in
211 1581 455 1630 oblivione,
478 1587 522 1621 et
543 1581 620 1633 qui
642 1580 826 1620 recessit
849 1593 875 1619 a
896 1580 1032 1628 malo,
1054 1579 1221 1632 praedae
1243 1580 1408 1632 patuit.

84 1657 126 1685 20
146 1647 206 1688 Et
229 1647 344 1688 vidit
376 1648 602 1688 Dominus
637 1652 681 1686 et
720 1660 809 1687 non
844 1647 1016 1699 placuit
1040 1646 1087 1686 in
1119 1645 1261 1686 oculis
1294 1646 1408 1700 ejus,

144 1713 253 1767 quia
274 1727 366 1754 non
386 1719 453 1754 est
471 1714 706 1767 judicium.

213 1780 234 1834 ἓ
267 1781 338 1821 47.
388 1780 495 1820 Huc
531 1792 675 1832 usque
712 1778 859 1819 Esaiae
892 1777 1126 1830 prophetae
1161 1789 1308 1829 pauca
1354 1776 1408 1817 de
1428 1792 1560 1824 Passages

144 1847 300 1887 multis
335 1847 505 1887 dixisse
548 1845 756 1885 sufficiat.
829 1844 965 1885 Nunc
1002 1857 1106 1884 vero
1144 1843 1286 1891 illum,
1331 1826 1603 1895 (1111Ῐῖ1ῗὲἷ1.]“8”

143 1914 408 1966 priusquam
449 1913 763 1965 conciperetur
798 1911 843 1950 in
888 1916 1016 1950 utero
1066 1909 1319 1962 pra’scitus,
1364 1914 1410 1949 et

83 1992 125 2020 25
144 1980 409 2033 priusquam
448 1979 593 2020 exiret
635 1979 689 2018 de
731 1978 869 2018 vulva
908 1977 1237 2023 sanctificatus,
1278 1980 1323 2015 et
1362 1975 1407 2015 in

144 2047 321 2087 cunctis
342 2046 554 2098 gentibus
571 2044 794 2098 propheta
815 2043 990 2096 positus
1012 2048 1096 2091 est,
1112 2041 1409 2090 Hieremiam,

145 2112 334 2161 scilicet,
362 2112 469 2164 quid
502 2112 556 2151 de
588 2111 758 2163 populo
789 2110 1030 2161 insipiente
1061 2108 1308 2160 rigidisque
1341 2121 1409 2148 re-

145 2179 278 2231 gibus
309 2178 695 2230 pronunciaverit,
717 2189 961 2229 parumper
993 2175 1297 2222 attendentes,
1330 2187 1409 2213 au-

146 2244 254 2293 dite,
276 2244 359 2283 hoc
381 2243 514 2284 modo
541 2244 703 2283 leniter
723 2243 858 2282 verba
892 2241 1163 2281 initiantem.
1238 2240 1295 2279 Et
1317 2239 1408 2279 sac-

86 2316 243 2351 sotum
277 2315 344 2350 est
381 2310 565 2349 verbum
599 2309 784 2349 Domini
819 2308 873 2347 ad
906 2320 975 2346 me
1009 2307 1178 2355 dicens,
1203 2306 1334 2346 Vade
1366 2312 1411 2346 et

146 2377 293 2417 clama
316 2377 360 2416 in
391 2375 576 2415 auribus
599 2374 870 2422 Jerusalem,
893 2380 934 2413 et
956 2373 1094 2422 dices,
1117 2372 1287 2413 Audite
1309 2385 1409 2412 ver-

145 2444 251 2483 bum
276 2443 459 2483 Domini
482 2442 641 2482 domus
664 2441 827 2489 Jacob,
850 2446 893 2480 et
926 2453 1081 2479 omnes
1113 2439 1410 2490 cognationes

145 2509 305 2550 domus
341 2508 500 2549 Israel.
574 2508 691 2548 llaec
725 2507 833 2547 dicit
867 2506 1107 2554 Dominus,
1130 2505 1251 2555 Quid
1284 2505 1410 2545 inve-

192 2697 218 2716 ω
246 2699 475 2739 Hieremiam]
512 2699 577 2729 Ier.
610 2699 644 2729 ii.
674 2701 704 2735 l,
732 2701 852 2735 4‚·26,
878 2700 930 2734 27,
957 2700 1009 2733 28,
1037 2700 1090 2733 29,
1114 2698 1166 2733 30,
1193 2698 1250 2731 31;
1275 2696 1331 2726 vii.
1358 2699 1411 2734 26,

146 2749 227 2792 5,.6,
243 2748 296 2785 20,
321 2748 375 2783 21,
397 2748 451 2784 22,
468 2748 521 2784 29,
539 2748 591 2784 30,
619 2748 670 2783 31,
700 2748 763 2781 32;
799 2747 860 2781 273
886 2744 953 2773 viii.
979 2746 1010 2780 4,
1031 2747 1062 2781 5,
1084 2745 1174 2794 ‘⁵·.⁷’
1198 2744 1251 2779 21,
1276 2745 1337 2779 223
1364 2743 1409 2773 ix.

147 2793 190 2823 iv.
208 2794 270 2830 223
295 2802 324 2823 v.
343 2795 375 2831 3,
400 2795 454 2833 20,
479 2795 532 2833 21,
555 2795 609 2831 22,
632 2795 685 2830 23,
710 2795 763 2829 21,
802 2794 829 2829 1,
847 2795 878 2829 2,
897 2794 926 2829 3,
947 2793 996 2828 12,
1017 2792 1075 2826 133
1102 2799 1145 2819 x..
1167 2791 1216 2819 11.
