1891 3214
565 233 790 263 EPlsroLA
823 233 995 262 GlLDAE.
1356 223 1413 263 93

212 337 234 391 ξ
252 336 323 378 84.
357 336 480 387 Quid
500 337 638 378 ctiam
660 342 848 377 sanctus
874 337 992 378 Osee
1014 336 1239 390 propheta
1263 351 1411 378 sacer·
1433 354 1533 381 mosea.

144 403 327 444 dotibus
347 404 488 444 vestri
519 403 692 444 moduli
711 403 879 444 dixerit
899 404 1150 457 signanter,
1173 405 1411 444 attendite.

145 468 317 510 Audite
348 470 447 511 haec
478 470 737 511 sacerdotes
768 475 813 511 et
844 470 1051 511 intendat
1074 470 1233 510 domus
1269 470 1413 511 Israel

146 542 192 577 ct
223 537 384 578 domus
417 537 554 589 regis,
584 537 760 589 infigite
794 537 978 577 auribus
998 537 1179 586 vestris,
1199 538 1413 589 quoniam

105 611 124 639 5
147 603 204 643 ad
226 617 308 644 vos
338 609 407 644 est
432 603 672 658 judicium,
695 603 802 655 quia
834 603 1025 655 laqueus
1048 603 1157 643 facti
1180 604 1289 643 estis
1311 617 1413 656 spe-

145 669 381 719 culationi,
401 676 447 710 et
467 669 594 710 velut
624 669 863 710 reticulum
885 674 1127 709 extensum
1158 683 1295 722 super
1327 670 1413 709 ita-

145 736 325 776 burium
351 736 473 789 quod
504 736 798 789 indagatores
819 736 1077 776 venationis
1109 736 1413 776 confixerunt.

215 803 237 857 ξ
257 802 329 844 85.
363 803 510 844 Vobis
527 803 666 843 etiam
688 815 715 842 a
736 802 936 842 Domino
965 802 1181 842 alienatio
1203 802 1414 856 hujusce-
1433 816 1527 843 Arum.

146 869 269 910 modi
301 870 568 910 intendatur
593 883 674 922 per
702 868 972 921 prophetam
1002 867 1145 908 Amos
1173 868 1415 917 dicentem,

87 944 129 972 10
149 935 268 976 Odio
282 936 421 976 habui
437 941 482 976 et
501 935 646 988 repuli
670 935 766 975 dies
790 935 930 976 festos
952 940 1145 983 vestros,
1165 940 1209 974 et
1231 948 1321 974 non
1339 948 1414 974 ac-

148 1003 314 1055 cipiam
342 1003 527 1043 odorem
548 1003 595 1042 in
614 1001 878 1042 solennibus
910 1001 1290 1041 conventionibus
1314 1014 1415 1041 ves-

148 1068 247 1118 tris,
269 1069 377 1121 quia
398 1074 443 1109 et
464 1069 503 1109 si
522 1068 779 1108 obtuleritis
811 1067 1207 1107 holocaustomata
1233 1073 1277 1107 et
1310 1067 1415 1107 hos-

149 1135 237 1176 tias
261 1141 435 1176 vestras
463 1148 556 1175 non
584 1134 804 1186 accipiam
827 1146 896 1182 ea,
918 1139 962 1173 et
982 1133 1184 1173 salutare
1211 1133 1415 1173 declara-

148 1201 286 1243 tionis
303 1207 468 1242 vestrae
484 1214 575 1241 non
590 1201 823 1254 aspiciam.
876 1199 1097 1239 Transfer
1117 1212 1144 1239 a
1167 1213 1237 1239 me
1255 1213 1415 1239 sonum

88 1282 128 1310 15
149 1269 415 1309 cantionum
447 1273 645 1316 tuarum,
681 1272 727 1307 et
767 1265 993 1319 psalmum
1033 1278 1309 1318 organorum
1344 1272 1416 1306 tu-

149 1348 280 1376 orum
320 1348 413 1375 non
455 1334 652 1374 audiam.
726 1332 881 1372 Famis
935 1332 1101 1372 etenim
1148 1332 1416 1384 Evangelici

149 1402 238 1442 cibi
258 1401 411 1442 culina
430 1401 530 1454 ipsa
553 1405 718 1440 vestrae
740 1399 903 1439 aniinae
921 1398 1097 1438 viscera
1116 1398 1416 1438 excomedens

150 1473 389 1521 grassatur
428 1468 476 1507 in
514 1467 658 1515 vobis,
708 1466 826 1505 sicut
866 1464 1154 1517 supradictus
1194 1464 1355 1517 proph(
1370 1470 1418 1504 ta

149 1535 382 1588 praedixit,
414 1533 548 1582 Ecce,
580 1532 808 1585 inquiens,
837 1531 932 1571 dies
954 1532 1158 1580 veniunt,
1189 1531 1298 1571 dicit
1322 1531 1417 1571 Do-

88 1611 131 1640 20
150 1602 316 1650 minus,
339 1606 384 1641 et
415 1600 618 1640 emittam
643 1599 807 1638 famem
838 1598 885 1637 in
917 1602 1100 1646 terram,
1131 1610 1222 1637 non
1254 1597 1419 1637 samem

150 1667 298 1721 paniS,
319 1680 465 1720 neque
499 1667 622 1706 sitim
644 1678 793 1717 aquae,
816 1663 895 1705 sed
918 1663 1083 1704 samem
1114 1664 1160 1703 in
1193 1664 1418 1704 audiendo

149 1735 339 1775 verbum
362 1733 466 1782 Dei,
489 1738 532 1773 et
566 1732 872 1772 movebuntur
906 1743 1037 1783 aquae
1072 1743 1099 1769 a
1130 1730 1243 1769 mari
1276 1743 1419 1782 usque

150 1801 209 1841 ad
241 1813 381 1850 mare,
405 1806 449 1840 et
473 1800 529 1839 ab
553 1798 766 1852 aquilone
800 1810 945 1849 usque
978 1796 1033 1836 ad
1067 1796 1286 1836 orientem
1319 1809 1420 1848 per-

150 1872 335 1908 current
367 1871 625 1920 quaerentes
646 1865 835 1905 verbum
857 1863 1059 1912 Domini,
1093 1868 1135 1902 et
1171 1876 1260 1902 non
1294 1864 1420 1902 inve-

88 1946 130 1975 25
153 1935 296 1975 nient.

220 2000 335 2055 §85
375 1999 578 2040 Auribus
613 2011 794 2051 quoque
831 1996 1050 2050 percipite
1085 2000 1294 2035 sanctum
1331 1994 1422 2034 Mi-
1442 2009 1546 2037 mean,

151 2066 326 2115 cheam,
348 2079 401 2106 ac
434 2067 470 2106 si
504 2065 737 2106 coelestem
760 2063 990 2117 quandam
1013 2063 1170 2102 tubam
1203 2061 1422 2101 adversus

152 2133 368 2173 subdolos
389 2131 548 2184 populi
569 2131 796 2183 principes
823 2129 1050 2170 concisius
1082 2133 1421 2181 personantem.

152 2197 323 2239 Audite
356 2210 494 2246 nunc,
528 2197 754 2249 inquiens,
792 2195 1019 2248 principes
1063 2194 1224 2234 domus
1257 2193 1422 2241 Jacob,

92 2276 133 2305 30
153 2278 304 2306 nonne
323 2264 452 2305 vobis
487 2269 556 2303 est
585 2268 636 2302 ut
657 2261 945 2314 cognoscatis
971 2259 1194 2313 judicium
1228 2258 1422 2298 odienti-

151 2332 236 2372 bus
272 2332 407 2379 bona,
449 2335 494 2370 et
531 2329 842 2381 quaerentibus
885 2326 1102 2378 maligna,
1139 2325 1421 2377 rapientibus

152 2397 294 2451 pelles
316 2410 471 2438 eorum
509 2396 566 2436 ab
601 2395 681 2444 eis,
705 2402 747 2435 ct
770 2406 930 2434 carnes
962 2405 1117 2432 eorum
1152 2391 1208 2431 ab
1242 2391 1422 2430 ossibus

200 2598 210 2619 ¹
232 2599 340 2640 Osee.]
365 2598 467 2636 Osee,
484 2608 515 2628 v,
534 2600 563 2628 l.
785 2606 787 2634 ς
855 2592 878 2612 ¹³
896 2594 1046 2625 Salutarc
1061 2616 1067 2623 .
1089 2616 1095 2623 .
1116 2616 1122 2622 .
1139 2592 1326 2631 inrefflenL]
1349 2593 1421 2623 om,

200 2645 213 2664 ⁵
230 2647 335 2686 Super
352 2669 359 2676 .
380 2669 387 2676 .
407 2668 414 2675 .
432 2639 664 2685 confixerunt]
695 2643 766 2672 0111.
786 2672 788 2684 ἱ
813 2642 850 2672 V.

159 2693 198 2724 V.
786 2686 788 2694 ’
854 2685 878 2704 ²⁷³
897 2686 1083 2725 Jliclwmnq
1105 2684 1208 2715 Mich.
1230 2684 1276 2714 iii.
1297 2686 1327 2722 l,
1340 2687 1398 2713 etc.
1417 2695 1423 2720 ς

200 2737 213 2756 ⁹
228 2738 354 2778 Amos]
373 2739 488 2777 Amos,
505 2748 535 2768 v.
550 2740 587 2767 21
606 2747 613 2774 ;
633 2736 700 2766 viii.
719 2738 767 2765 11.
809 2735 866 2765 xii.
890 2736 916 2763 1.
