1907 3214
448 252 504 292 54
870 258 1097 287 EPISTULA
1131 255 1302 286 GlLDAE.

449 366 689 409 volueritis
721 370 767 405 et
798 363 1034 404 audieritis
1056 375 1142 411 me,
1164 362 1286 402 bona
1308 366 1443 401 terrae
1474 359 1724 400 manduca-

449 435 573 475 bitis.
646 431 782 483 Quod
803 430 841 470 si
864 429 1102 470 nolueritis
1123 433 1168 469 et
1188 441 1260 468 me
1287 426 1648 480 provocaveritis
1668 425 1724 466 ad

452 499 753 547 iracundiam,
773 497 954 549 gladius
976 495 1215 536 devorabit
1234 507 1332 535 VOS.

525 566 639 621 §4:3.
671 564 883 617 Accipite
917 575 1127 604 veracem
1161 561 1485 614 publicumque
1521 557 1727 611 adstipu-

456 634 650 674 latorem
663 632 788 681 boni,
804 630 1005 683 malique
1019 629 1161 670 vestri
1177 627 1539 675 retributionem,
1556 626 1729 677 absque
1770 637 1788 663 5

457 701 552 741 ullo
587 697 865 740 adulationis
899 696 1021 746 fuco,
1048 709 1140 736 11011
1174 700 1226 736 ut
1258 694 1566 748 parasitorum
1591 704 1730 732 vene-

458 772 561 807 rata
579 771 837 807 vestrorum
856 776 1035 804 venena
1065 763 1111 803 in
1139 775 1272 802 aures
1303 761 1492 801 sibilant
1510 772 1606 808 ora,
1640 763 1732 798 tes-

459 838 650 874 tantem.
724 832 934 883 Itemque
956 830 1013 870 ad
1042 842 1230 881 rapaces
1245 828 1424 882 judices
1456 825 1733 866 sententiam

459 900 680 951 dirigens,
701 898 768 938 ita
790 897 970 937 affatur.
1031 895 1270 948 Principes
1292 895 1359 934 tui
1378 893 1600 941 infideles,
1622 892 1735 932 socii

460 966 629 1015 furum,
665 976 822 1005 omnes
858 963 1058 1015 diligunt
1092 974 1299 1010 munera,
1333 964 1570 1001 sectantur
1603 959 1734 999 retri—
1753 967 1794 996 10

462 1033 691 1081 butiones,
722 1029 898 1084 pupillo
929 1043 1021 1069 non
1043 1028 1271 1083 judicant,
1300 1039 1441 1067 causa
1459 1026 1611 1069 viduae
1643 1038 1736 1066 non

461 1099 719 1152 ingreditur
740 1097 797 1137 ad
820 1109 913 1137 eos,
985 1095 1184 1149 Propter
1203 1094 1304 1144 hoc,
1326 1094 1391 1135 ait
1411 1093 1638 1135 Dominus
1655 1105 1737 1132 ex-

463 1166 703 1214 ercituum,
736 1164 868 1204 fortis
910 1163 1073 1211 Israel,
1118 1162 1242 1211 Heu,
1290 1161 1563 1202 consolabor
1601 1172 1739 1212 super

463 1232 672 1273 hostibus
704 1231 832 1280 meis,
855 1235 898 1270 et
921 1229 1189 1271 vindicabor
1220 1228 1276 1268 de
1303 1227 1498 1268 inimicis
1531 1226 1660 1275 meis,
1693 1232 1739 1268 et

463 1304 761 1341 conterentur
774 1297 985 1337 scelerati
1005 1301 1051 1336 et
1070 1300 1335 1349 peccatores
1351 1294 1501 1343 simul,
1517 1298 1563 1334 et
1582 1306 1738 1334 omnes
1758 1305 1797 1333 15

466 1366 544 1419 qui
583 1365 926 1417 dereliquerunt
964 1363 1215 1404 Dominum
1259 1365 1600 1402 consumentur.
1678 1359 1740 1400 Et
1773 1379 1778 1386 ·

465 1432 600 1482 insra,
638 1432 772 1474 Oculi
812 1430 1019 1471 sublimis
1054 1429 1250 1470 hominis
1284 1428 1662 1476 humiliabuntur,
1694 1432 1740 1467 et

465 1500 726 1540 incurvabit
777 1497 972 1538 altitudo
1025 1497 1242 1538 virorum.
1315 1496 1376 1536 Et
1426 1496 1610 1544 iterum,
1650 1493 1738 1535 Vae

467 1566 606 1619 impio
626 1566 674 1606 in
696 1565 884 1614 malum,
906 1563 1146 1605 retributio
1167 1563 1287 1604 enim
1306 1575 1524 1603 manuum
1547 1561 1647 1615 ers
1664 1560 1742 1601 fiet

468 1634 523 1673 ei.
597 1632 658 1672 Et
678 1637 783 1685 post
800 1644 965 1684 pauca,
980 1631 1068 1672 Vae
1097 1631 1175 1683 qui
1209 1630 1487 1682 consurgitis
1517 1641 1652 1669 mane
1684 1627 1741 1668 ad
1761 1640 1802 1668 20

468 1700 733 1740 ebrietatem
763 1698 1045 1747 sectandam,
1069 1702 1113 1738 et
1146 1697 1203 1737 ad
1234 1696 1486 1750 potandum
1508 1708 1653 1749 usque
1684 1695 1742 1736 ad

468 1779 725 1819 vesperam,
746 1770 795 1806 ut
817 1765 926 1805 vino
950 1764 1172 1805 aestuetis.
1247 1763 1453 1812 Cithara,
1479 1767 1525 1803 et
1548 1763 1665 1816 lyra,
1698 1767 1744 1803 et

469 1838 757 1887 tympanum,
779 1837 824 1872 et
845 1832 974 1881 tibia,
996 1836 1041 1872 et
1054 1831 1211 1872 vinum
1232 1829 1280 1870 in
1302 1829 1527 1871 conviviis
1550 1829 1742 1880 vestris3

470 1905 516 1941 et
538 1912 652 1953 opus
682 1899 870 1940 Domini
900 1912 992 1938 non
1023 1897 1266 1950 respicitis,
1288 1901 1334 1938 et
1354 1909 1494 1950 opera
1524 1909 1743 1937 manuum

472 1967 571 2020 ejus
596 1979 685 2006 non
704 1964 1019 2005 consideratis.
1074 1963 1328 2016 Propterea
1348 1963 1559 2016 captivus
1578 1963 1743 2004 ductus
1762 1971 1804 1999 25

473 2038 543 2073 est
577 2032 774 2085 populus
805 2044 950 2080 meus,
971 2030 1079 2083 quia
1110 2043 1203 2070 non
1233 2029 1394 2070 habuit
1413 2029 1667 2079 scientiam,
1699 2034 1746 2070 et

474 2099 649 2139 nobiles
683 2098 780 2152 ejus
815 2097 1088 2137 interierunt
1118 2096 1252 2146 same,
1288 2101 1334 2137 et
1364 2096 1610 2137 multitudo
1645 2096 1745 2151 ejus

473 2165 549 2206 siti
590 2165 787 2205 exaruit.
861 2164 1115 2217 Propterea
1155 2163 1368 2204 dilatavit
1402 2162 1607 2203 infernus
1645 2162 1744 2203 ani-

474 2244 593 2272 mam
615 2245 762 2281 suam,
794 2235 838 2271 et
873 2231 1053 2284 aperuit
1085 2243 1135 2271 os
1169 2243 1302 2272 suum
1332 2231 1505 2283 absque
1531 2229 1627 2270 ullo
1653 2234 1745 2270 ter—

475 2299 615 2348 mino,
649 2304 694 2339 et
725 2297 1004 2339 descendent
1034 2297 1175 2338 sortes
1199 2297 1314 2351 ejus,
1337 2302 1383 2338 et
1401 2296 1599 2350 populus
1630 2295 1745 2350 ejus,
1766 2307 1807 2335 30

476 2370 522 2406 et
552 2366 768 2406 sublimes
801 2365 1079 2418 gloriosique
1110 2364 1209 2418 ejus
1242 2364 1299 2404 ad
1333 2377 1451 2404 eum.
1524 2363 1585 2404 Et
1611 2362 1746 2413 infra,

478 2431 564 2472 Va}
599 2433 677 2485 qui
714 2436 926 2486 potentes
967 2432 1077 2473 estis
1118 2431 1176 2471 ad
1215 2430 1462 2471 bibendum
1495 2430 1667 2479 vinum,
1701 2434 1748 2470 et

476 2498 563 2538 viri
596 2499 736 2539 fortes
769 2498 825 2539 ad
860 2498 1138 2539 miscendam
1170 2497 1453 2547 ebrietatem,
1482 2497 1560 2550 qui
1574 2496 1746 2550 justifi-

477 2566 590 2605 catis
625 2566 813 2618 impium
848 2579 930 2617 pro
971 2565 1250 2614 muneribus,
1291 2569 1336 2604 et
1368 2563 1600 2618 justitiam
1629 2561 1747 2616 justi

476 2632 666 2673 aufertis
685 2633 741 2672 ab
756 2645 824 2672 eo.
850 2632 1047 2685 Propter
1067 2632 1167 2681 hoe,
1190 2631 1309 2671 sicut
1322 2629 1511 2671 devorat
1527 2629 1744 2682 stipulam
1765 2640 1804 2668 35

475 2697 633 2751 lingua
668 2699 789 2751 ignis
826 2704 871 2739 ct
903 2699 1029 2739 calor
1063 2699 1256 2739 ssammae
1303 2697 1471 2745 exurit,
1508 2696 1573 2736 sic
1612 2696 1745 2737 radix

476 2778 631 2806 eorum
653 2765 784 2818 quasi
808 2766 965 2806 favilla
997 2765 1097 2815 erit,
1118 2770 1163 2806 et
1183 2777 1367 2817 germen
1396 2776 1551 2804 eorum
1574 2767 1623 2804 ut
1644 2763 1746 2816 pul-
