1891 3214
586 257 809 286 EPlsTOLA
844 255 1015 285 GumAE.
1347 244 1432 284 105

165 360 286 400 tibus
308 359 396 399 diei
418 358 643 409 videatur,
675 359 914 399 intuemini
935 364 1087 399 tamen
1113 357 1220 411 quia
1252 370 1431 410 compe-

167 431 316 466 tenter
335 427 467 466 istius
499 426 585 466 aevi
616 425 928 466 sacerdotibus
957 438 1059 465 cum
1084 424 1264 477 populis
1296 438 1433 477 coap-

167 493 354 533 tabitur.
427 492 487 532 Et
527 498 632 545 post
673 505 848 544 pauca3
895 491 988 541 Qui
1022 497 1433 540 commutax'erunt,

167 559 332 612 inquit,
351 559 591 599 veritatem
615 559 702 598 Dei
734 559 780 598 in
807 558 1107 606 mendacium,
1131 563 1175 598 et
1196 557 1434 598 coluerunt

131 637 150 664 5
170 631 214 666 et
236 626 492 665 servierunt
518 630 740 665 creaturae
769 625 922 677 potius
946 637 1083 676 quam
1113 623 1336 671 Creatori,
1358 624 1435 675 qui

169 697 240 732 est
273 691 539 731 benedictus
570 691 616 730 in
645 690 825 741 secula3
859 696 1104 742 propterea
1124 689 1310 729 tradidit
1332 690 1435 729 illos

170 757 298 798 Deus
334 757 380 797 in
421 757 658 810 passiones
703 756 982 809 ignominiae.
1054 755 1114 796 Et
1151 756 1340 805 iterum3
1376 755 1436 796 Et

169 824 287 864 sicut
319 837 408 864 non
446 825 757 877 probaverunt
790 823 939 863 Deum
978 822 1144 862 habere
1176 822 1222 861 in
1257 821 1436 871 notitia,

169 890 357 932 tradidit
375 890 477 931 illos
496 891 622 931 Deus
642 889 687 929 in
710 890 949 942 reprobum
972 901 1171 937 sensum,
1193 893 1243 928 ut
1265 888 1437 928 faciant

113 972 152 1000 ιο
171 970 273 1010 quae
314 970 406 998 non
447 957 740 1005 conveniunt,
778 955 975 1008 repletos
1017 954 1140 995 omni
1176 954 1435 1006 iniquitate,

171 1024 362 1073 malitia,
411 1023 708 1077 impudicitia,
748 1022 1063 1070 fornicatione,
1105 1021 1315 1069 avaritia,
1358 1034 1435 1060 ne-

171 1091 333 1143 quitia,
379 1090 537 1143 plenos
583 1089 770 1137 invidia,
821 1088 1062 1128 homicidio
1104 1086 1299 1142 (scilicet
1339 1087 1436 1126 aui-

171 1170 348 1197 marum
394 1153 591 1209 populi),
625 1155 933 1203 contentione,
974 1154 1095 1202 dolo,
1134 1153 1436 1204 malignitate,

114 1222 118 1225 ’
171 1236 457 1272 susurrones,
497 1223 792 1270 detractores,
826 1221 926 1261 Deo
962 1220 1167 1268 odibiles,
1203 1225 1437 1259 contume-

112 1304 152 1332 15
171 1289 327 1339 liosos,
349 1290 585 1343 superbos,
607 1289 769 1338 elatos,
790 1289 1052 1328 inventores
1074 1286 1295 1326 malorum
1314 1299 1322 1335 ;
1357 1298 1436 1337 pa-

171 1357 376 1398 rentibus
413 1356 741 1404 inobedientes,
781 1355 1056 1402 insensatos,
1093 1352 1437 1404 incompositos,

171 1424 269 1464 sine
300 1422 625 1470 misericordia,
659 1422 754 1462 sine
787 1420 1040 1468 affectione,
1064 1419 1141 1471 qui
1173 1432 1274 1458 cuni
1299 1418 1438 1471 justi-

173 1491 282 1531 tiam
300 1490 388 1530 Dei
402 1489 742 1541 cognovissent,
758 1502 848 1528 non
864 1486 1207 1534 intellexerunt,
1222 1485 1437 1537 quoniam

173 1557 251 1610 qui
271 1556 384 1597 talia
404 1561 564 1608 agunt,
584 1555 710 1607 digni
732 1560 839 1594 sunt
859 1559 1018 1593 morte.

112 1637 154 1666 20
243 1622 348 1677 §98
371 1622 595 1672 Quisnam
612 1621 975 1675 supradictorum
993 1619 1062 1658 his
1079 1618 1288 1658 omnibus
1302 1617 1347 1656 in
1361 1630 1437 1657 ve-

173 1690 308 1730 ritate
323 1689 495 1730 caruit?
517 1689 555 1728 si
569 1688 687 1728 enim
702 1693 837 1735 esset,
852 1686 967 1726 forte
980 1691 1219 1737 caperetur
1232 1684 1437 1737 subjecto

174 1769 312 1797 sensu
342 1756 388 1796 in
421 1769 510 1808 quo
533 1755 613 1804 ait,
647 1754 754 1795 Non
777 1753 922 1793 solum
956 1752 1033 1804 qui
1054 1751 1225 1791 faciunt
1259 1764 1327 1799 ea,
1360 1749 1437 1790 sed

174 1823 310 1866 etiam
326 1823 403 1875 qui
416 1822 709 1862 consentiunt
724 1819 1009 1865 facientibus,
1025 1817 1150 1857 nullo
1166 1817 1337 1857 scilicet
1355 1815 1438 1856 hoe

174 1889 296 1930 malo
319 1902 473 1929 eorum
491 1893 703 1928 exstante
720 1886 922 1926 immuni.
975 1885 1033 1924 Et
1048 1883 1181 1932 infra,
1199 1883 1271 1922 Tu
1288 1889 1438 1923 autem

115 1969 156 1997 25
175 1955 422 1996 secundum
455 1955 669 1995 duritiam
692 1959 833 2001 tuam,
862 1957 907 1992 et
929 1964 1006 1991 eor
1026 1950 1317 2003 impoenitens
1341 1949 1438 1989 the-

176 2023 379 2063 saurizas
401 2022 482 2062 tibi
512 2022 625 2061 iram
657 2021 704 2060 in
735 2019 806 2059 die
837 2019 933 2066 ira‘,
954 2023 997 2058 et
1022 2015 1440 2068 revelationisjusti

170 2089 334 2142 judicii
356 2088 460 2137 Dei,
481 2088 557 2139 qui
582 2086 738 2127 reddet
762 2085 1004 2136 unicuique
1028 2082 1273 2123 secundum
1303 2094 1441 2134 opera

177 2167 275 2194 sua.
348 2153 408 2194 Et
440 2154 621 2201 iterum,
658 2152 765 2193 Non
798 2156 865 2190 est
898 2150 1017 2189 enim
1052 2149 1256 2200 acceptio
1287 2161 1440 2199 perso-

178 2233 338 2260 narum
367 2219 487 2272 apud
521 2219 686 2259 Deum.
758 2217 1030 2267 Quicunque
1063 2214 1180 2254 enim
1213 2215 1309 2253 sine
1341 2213 1440 2264 Iege

119 2300 159 2329 30
177 2291 498 2340 peccaverunt,
519 2286 615 2325 sine
648 2284 747 2335 lege
768 2288 811 2323 et
834 2282 1071 2335 peribunt;
1105 2279 1362 2331 quicunque
1394 2279 1439 2318 in

178 2355 279 2406 lege
298 2357 618 2406 peccaverunt,
645 2364 725 2402 per
748 2349 893 2400 legem
916 2347 1259 2401 judicabuntur.
1333 2344 1438 2385 Non

178 2421 297 2461 enim
330 2419 561 2459 auditores
594 2417 707 2468 legis
733 2415 847 2469 justi
878 2420 983 2454 sunt
1015 2412 1133 2465 apud
1166 2412 1329 2459 Deum,
1361 2411 1439 2450 sed

178 2487 374 2527 factores
398 2483 916 2538 legisjustificabuntur.
980 2479 1100 2529 Quid
1127 2492 1235 2529 ergo
1271 2478 1439 2517 severi-

177 2553 286 2594 tatis
317 2552 489 2605 ingruit
510 2551 596 2599 his,
621 2549 697 2603 qui
726 2562 816 2589 non
844 2547 989 2587 solum
1013 2545 1241 2598 implenda
1264 2557 1350 2582 non
1375 2544 1439 2583 sa-

224 2690 252 2710 ‘33
269 2692 368 2722 Nullo
382 2714 389 2721 .
410 2714 417 2721 .
437 2713 444 2720 .
464 2688 624 2727 ιἠιηιιιιιὶ.]
652 2688 695 2717 [ἱ
725 2687 796 2716 nul-
877 2683 901 2702 ²⁴
924 2683 1109 2722 [is-stantia]
1136 2683 1326 2718 lixstautes,
1344 2682 1388 2712 Β.

178 2739 244 2775 lus,
261 2738 401 2776 scilicet,
417 2746 528 2767 eorum
547 2736 589 2765 sit
606 2735 706 2773 hujus
719 2733 795 2764 mali
876 2730 901 2749 ⁸¹
923 2730 1083 2769 Ingruit.]
1110 2729 1264 2766 Ingessit,
1291 2728 1326 2759 Γ.

179 2795 312 2824 expers,
337 2784 372 2814 V.
