1891 3214
541 257 766 287 Elus'roLA
802 258 972 286 eihnffl.
1335 251 1391 289 (55

123 362 278 403 fimum
308 362 461 410 boum,
494 366 538 402 et
567 366 809 414 argentum
841 375 996 402 eorum
1028 367 1071 402 et
1104 374 1264 402 aurum
1301 377 1390 403 non

123 429 324 482 poterint
352 429 550 469 eximere
576 442 653 469 eos
682 429 728 468 in
759 428 831 467 die
859 429 937 468 irae
974 429 1174 469 Domini.
1248 429 1307 469 Et
1345 430 1390 470 in

122 496 228 549 igne
264 496 349 536 zeli
383 494 481 549 ejus
514 500 807 535 consumetur
840 496 986 535 omnis
1027 500 1164 544 terra,
1207 496 1390 548 quando

124 563 562 603 consummationem
594 567 639 602 et
671 561 962 602 solitudinem
995 561 1129 602 faciet
1165 562 1390 602 Dominus

85 641 103 669 5
122 642 260 682 super
290 642 446 670 omnes
483 633 816 668 commorantes
848 628 895 667 in
926 634 1063 668 terra.
1136 627 1390 669 Convenitc

123 701 168 736 et
203 695 535 749 conjungimini
573 707 685 746 gens
725 693 1082 746 indisciplinata,
1125 694 1390 746 priusquam

122 761 379 803 efficiamini
397 762 516 801 sicut
535 760 619 801 flos
645 760 927 813 praeteriens,
950 760 1215 813 priusquam
1236 762 1392 801 veniat

122 842 259 882 super
280 841 363 869 vos
382 828 451 868 ira
471 827 673 868 Domini.

192 895 305 949 §55
339 894 399 936 Et
427 893 534 947 quid
567 893 773 946 Aggaeus
801 899 988 934 sanetus
1016 893 1239 947 propheta
1269 893 1390 934 dicat
1422 904 1543 927 ‘mm

65 970 106 999 10
123 962 362 1002 attendite.
434 960 552 1001 Haec
583 961 692 1001 dicit
718 960 960 1009 Dominus,
993 960 1141 1001 Semel
1170 973 1255 1012 ego
1293 973 1388 1000 mo-
1438 980 1452 994 a
1491 979 1505 994 a

123 1029 240 1070 vebo
270 1028 453 1077 coelum,
482 1033 527 1068 et
558 1033 740 1076 terram,
776 1032 820 1068 et
851 1040 991 1076 mare,
1027 1033 1072 1067 et
1106 1026 1310 1076 aridum;
1345 1032 1389 1067 et

124 1101 330 1136 avertam
350 1107 556 1147 regnum,
589 1100 633 1134 et
655 1094 970 1134 exterminabo
992 1093 1205 1133 virtutem
1232 1106 1392 1144 regum

124 1162 343 1215 gentium,
365 1166 410 1202 et
431 1166 635 1201 avertam
658 1160 906 1213 quadrigas
927 1166 973 1200 et
993 1172 1273 1199 ascensores.

192 1229 215 1283 ἓ
236 1229 307 1270 57.
342 1227 480 1269 Nunc
501 1240 682 1281 quoque
703 1227 810 1279 quid
827 1226 1078 1266 Zacharias
1101 1226 1220 1266 filius
1240 1224 1391 1273 Addo,

65 1307 105 1336 15
124 1295 349 1349 propheta
395 1295 583 1343 electus,
631 1293 799 1334 dixerit
835 1293 1090 1341 intuemini,
1132 1292 1217 1332 hoc
1257 1291 1391 1331 modo

124 1362 411 1416 prophetiam
433 1374 562 1401 suam
576 1360 834 1401 exordiens.
907 1358 1209 1399 Revertimini
1230 1358 1285 1397 ad
1305 1371 1390 1407 me,

125 1434 171 1469 et
198 1434 402 1470 revertar
432 1428 488 1468 ad
518 1440 599 1467 vos
630 1427 740 1466 dicit
761 1426 1012 1476 Dominus3
1044 1431 1089 1465 et
1115 1424 1255 1464 nolite
1277 1425 1390 1464 tales

126 1508 226 1536 esse
271 1496 389 1535 sicut
437 1500 591 1547 patres
639 1493 794 1541 vestri,
842 1493 1006 1544 quibus
1047 1492 1389 1543 imputaverunt

125 1562 360 1615 prophetae
400 1561 573 1614 priores
607 1559 826 1607 dieentes,
869 1558 986 1599 Haec
1023 1557 1133 1597 dicit
1165 1558 1389 1597 Dominus

67 1637 110 1666 20
125 1629 429 1682 omnipotenS,
463 1626 672 1667 Avertite
709 1638 790 1665 vos
826 1638 853 1664 a
886 1625 971 1665 viis
1006 1624 1183 1673 vestris,
1222 1630 1266 1664 et
1300 1638 1390 1663 non

123 1695 434 1743 intenderunt,
456 1699 507 1734 ut
527 1692 797 1734 obaudirent
811 1705 895 1731 me.
968 1691 1027 1731 Et
1046 1691 1180 1738 infra,
1199 1690 1256 1730 Et
1274 1690 1392 1730 dixit

124 1762 182 1802 ad
204 1775 275 1802 me
299 1760 523 1814 Angelus,
546 1759 667 1809 Quid
691 1764 739 1798 tu
761 1758 919 1797 vides?
994 1758 1052 1797 Et
1069 1757 1180 1805 dixi,
1205 1756 1389 1796 Falcem

125 1842 211 1882 ego
245 1829 377 1870 video
419 1827 649 1867 volantem
688 1823 986 1877 longitudinis
1029 1823 1282 1863 cubitorum
1324 1823 1390 1862 vi-

125 1896 258 1948 ginti,
315 1894 574 1935 maledictio
625 1905 725 1945 quae
780 1890 979 1943 procedit
1038 1903 1174 1941 super
1230 1888 1389 1928 faciem

66 1969 108 1998 25
125 1963 267 2003 totius
299 1967 462 2011 terrae3
504 1960 719 2013 quoniam
760 1957 905 1997 omnis
949 1956 1020 1995 sur
1055 1969 1112 1996 ex
1154 1968 1208 1995 ea
1248 1968 1391 2007 usque

124 2029 182 2069 ad
213 2034 405 2069 mortem
436 2027 665 2080 punietur,
698 2030 741 2065 et
764 2023 997 2076 projiciam
1031 2036 1132 2062 cum
1165 2021 1273 2061 dicit
1296 2021 1391 2061 Do-

124 2095 274 2136 minus
302 2094 606 2147 omnipotenS,
637 2098 683 2132 et
712 2090 899 2131 intrabit
923 2090 966 2128 in
999 2089 1182 2129 domum
1210 2087 1391 2136 furoris,

125 2167 171 2203 et
201 2162 247 2202 in
283 2161 466 2201 domum
493 2158 740 2214 jurationis
772 2157 817 2196 in
862 2156 1041 2196 nomine
1072 2168 1172 2195 meo
1204 2154 1390 2194 menda-

125 2229 258 2269 cium.

68 2297 109 2327 30
194 2294 309 2350 §58
343 2294 539 2335 Sanctus
571 2304 751 2344 quoque
785 2288 1040 2330 Malachias
1073 2287 1294 2341 propheta
1325 2287 1391 2327 di-

125 2361 203 2411 cit,
236 2361 354 2401 Ecce
385 2361 480 2400 dies
509 2359 697 2400 Domini
722 2357 873 2397 veniet
906 2368 1125 2395 succensa
1156 2355 1285 2407 quasi
1316 2367 1391 2393 ca-

124 2429 290 2477 minus,
313 2433 357 2468 et
378 2432 509 2467 erunt
530 2438 686 2465 omnes
706 2423 904 2476 superbi,
930 2428 975 2462 et
996 2434 1151 2461 omnes
1176 2421 1392 2460 facientes

124 2494 412 2548 iniquitatem
443 2499 494 2534 ut
535 2491 720 2544 stipula,
763 2496 807 2530 et
846 2488 1147 2529 inflammabit
1180 2500 1257 2527 eos
1297 2487 1393 2526 dies

126 2561 390 2610 adveniens,
425 2560 533 2600 dicit
567 2558 794 2599 Dominus
824 2556 1123 2603 exercituum,
1158 2567 1259 2606 qua·
1302 2567 1391 2593 non

69 2639 109 2669 35
127 2628 352 2682 relinquet
374 2640 433 2668 ex
455 2627 519 2667 eis
543 2625 734 2665 radicem
759 2629 803 2663 et
825 2635 1026 2675 germen.

172 2742 186 2761 ⁹
209 2744 383 2784 Αἷμα-ι]
406 2744 441 2774 ii.
458 2745 512 2774 22.
761 2735 765 2761 ¹
829 2737 856 2757 ³⁰
878 2737 1084 2776 Malachiam]
1107 2737 1148 2766 iv.
1171 2739 1197 2766 1.

177 2789 200 2809 ¹⁴
225 2791 430 2830 Zacharias]
453 2791 474 2821 i.
493 2793 524 2828 3,
542 2792 559 2820 4
576 2799 583 2826 ;
604 2799 634 2819 v.
652 2792 684 2820 2,
702 2791 732 2817 3.

1113 2833 1140 2872 53
1177 2844 1197 2870 ι-·

1409 1229 1541 1258 Passasses

1409 1264 1478 1287 stom
1500 1264 1602 1288 Zet-lla<

1408 1297 1477 1321 riah.

1412 2292 1544 2322 passages

1411 2327 1481 2350 fron]

1414 2359 1542 2384 malachi.
