1907 3214
489 245 547 283 (34
915 257 1139 286 EPJS'FOLA
1175 256 1345 287 GlLDAE.

489 360 660 401 tionem
693 361 915 401 exercetis
948 361 994 400 in
1025 362 1185 413 inopes
1218 374 1354 413 super
1385 365 1569 410 terram,
1595 362 1673 414 qui
1695 361 1761 402 di-

489 427 607 476 citis,
641 428 823 480 quando
856 428 1068 467 transibit
1099 427 1267 466 mensis
1300 432 1351 466 ut
1383 428 1687 479 acquiramus,
1717 434 1763 468 et

489 494 682 534 sabbata
703 500 754 533 ut
775 494 1032 545 aperiamus
1064 492 1319 533 thesauros.
1391 493 1452 533 Et
1472 499 1577 546 post
1598 507 1761 547 pauca,

488 558 625 600 Jurat
648 560 875 600 Dominus
908 565 1068 600 contra
1100 560 1360 612 superbiam
1383 559 1547 609 Jacob,
1580 561 1618 600 si
1647 561 1760 601 obli-

486 626 688 667 viscetur
739 627 783 666 in
837 627 1145 667 contemtione
1206 639 1345 679 opera
1398 632 1566 676 vestra,
1619 632 1664 667 et
1713 627 1760 667 in
1800 637 1818 664 5

487 691 556 731 his
601 706 691 733 non
736 693 1084 733 conturbabitur
1124 698 1262 742 terra,
1304 698 1348 733 et
1388 692 1566 745 lugebit
1611 693 1759 733 omnis

488 759 565 810 qui
607 760 964 800 commorabitur
1003 760 1050 799 in
1083 772 1152 808 ea,
1185 764 1230 799 et
1266 759 1481 799 ascendet
1512 760 1631 800 sicut
1673 759 1758 799 fiu-

487 838 590 865 men
648 826 996 874 consummatio,
1058 831 1103 866 et
1153 831 1418 866 convertam
1470 825 1565 866 dies
1616 825 1758 867 festos

486 897 664 931 vestros
697 892 743 931 in
764 892 952 940 luctum,
987 897 1031 931 et
1052 891 1254 945 injiciam
1287 893 1334 932 in
1353 905 1532 932 omnem
1555 892 1759 932 lumbum

485 957 698 1007 cilicium,
731 963 776 998 et
807 959 854 998 in
887 971 1018 998 omne
1041 962 1180 1010 caput
1203 958 1583 1008 decalvationem,
1610 964 1655 999 et
1676 972 1758 1012 po-
1778 967 1818 994 10

485 1037 590 1064 nam
631 1038 733 1065 eum
772 1024 891 1065 sieut
925 1024 1100 1065 luctum
1134 1024 1304 1074 dilecti,
1343 1029 1388 1065 et
1421 1037 1514 1074 eos,
1547 1025 1626 1077 qui
1657 1039 1759 1066 eum

484 1103 537 1130 eo
570 1097 693 1139 sunt,
723 1091 842 1131 sicut
874 1091 991 1131 diem
1028 1091 1253 1131 moeroris.
1326 1091 1387 1131 Et
1423 1092 1603 1140 iterum,
1645 1091 1758 1132 Gla-

483 1156 558 1197 dio
588 1158 840 1197 morientur
871 1170 1027 1197 omnes
1059 1161 1324 1209 peccatores
1355 1157 1512 1210 populi
1543 1158 1647 1208 mei,
1682 1159 1760 1212 qui

482 1223 656 1273 dicunt,
690 1224 798 1264 Non
819 1224 1255 1276 appropinquabunt
1286 1237 1434 1276 neque
1465 1225 1652 1266 venient
1682 1238 1759 1265 su-

481 1303 563 1342 per
583 1303 665 1330 nos
687 1291 823 1331 mala.
1778 1298 1816 1326 15

268 1369 401 1406 Passanqs
551 1356 665 1409 §54
699 1357 787 1397 Sed
821 1361 866 1396 et
894 1361 1081 1397 sanctus
1115 1356 1322 1397 Micheas
1357 1362 1484 1398 vates
1517 1358 1757 1408 attendite,

264 1402 454 1427 s¹⁰¹¹¹M⁴⁰³¹L
480 1423 589 1474 quid
614 1424 673 1464 sit
695 1423 873 1472 effatus,
907 1421 1045 1473 Audi,
1079 1424 1305 1476 inquiens,
1333 1424 1494 1465 tribus.
1566 1424 1627 1464 Et
1648 1425 1754 1477 quid

481 1490 724 1530 exornabit
756 1491 1025 1530 civitatem?
1059 1490 1266 1542 nunquid
1289 1490 1441 1542 ignis?
1514 1490 1576 1531 Et
1597 1490 1757 1532 domus

480 1555 741 1608 iniquorum
794 1556 1107 1597 thesaurizans
1162 1557 1209 1596 in
1262 1556 1501 1598 thesauros
1559 1557 1756 1610 iniqUOS,

482 1627 527 1662 et
582 1636 685 1662 cum
738 1623 907 1676 injuria
952 1623 1240 1676 injustitiam.
1331 1623 1379 1663 Si
1427 1623 1757 1677 justificabitur
1775 1633 1816 1662 20

482 1688 528 1728 in
560 1694 734 1730 statera
765 1690 965 1741 iniquus,
999 1690 1111 1730 etin
1134 1689 1329 1730 saccello
1350 1690 1553 1742 pondera
1580 1690 1755 1741 dolosa,

482 1769 541 1795 ex
586 1757 751 1808 quibus
797 1756 980 1797 divitias
1032 1769 1138 1797 suas
1179 1757 1226 1797 in
1272 1756 1506 1809 impietate
1550 1757 1755 1810 repleve-

480 1827 604 1863 runt.

264 1901 398 1942 Passages
550 1889 664 1942 §55
698 1889 787 1929 Sed
820 1894 865 1930 et
897 1890 1154 1943 Sophonias
1184 1889 1409 1943 propheta
1441 1890 1608 1940 clarus,
1641 1905 1755 1945 quas

262 1935 340 1992 {51⁰3ss
356 1935 462 1966 Ceph&
480 1955 627 1995 minas
648 1962 917 2008 exaggerat,
941 1957 1110 1996 audite.
1183 1956 1334 2009 Prope
1356 1962 1440 2006 est,
1473 1957 1637 2009 inquit,
1658 1959 1754 2000 dies
1772 1971 1813 2000 25

482 2021 669 2060 Domini
713 2035 924 2073 magiam,
973 2036 1113 2075 prope
1153 2028 1199 2062 et
1246 2023 1383 2063 velox
1421 2023 1571 2063 valde.
1643 2024 1753 2066 Vox

479 2087 567 2126 diei
589 2088 776 2127 Domini
805 2101 962 2128 amara
993 2089 1246 2129 constituta
1273 2094 1343 2129 est
1374 2094 1420 2129 et
1446 2094 1624 2142 potenS,
1657 2091 1752 2132 dies

480 2153 559 2193 irae
601 2154 696 2193 dies
738 2154 831 2203 illa,
873 2154 969 2194 dies
1010 2155 1318 2195 tribulationis
1359 2160 1404 2195 et
1450 2157 1752 2206 necessitatis,

480 2219 576 2259 dies
609 2221 740 2260 nubis
762 2226 807 2261 et
828 2221 1024 2270 nebulae,
1056 2222 1152 2261 dies
1185 2222 1306 2262 tuba}
1339 2226 1385 2262 et
1403 2221 1630 2272 clamoris,
1656 2224 1752 2265 dies

480 2287 674 2326 miserim
718 2292 763 2327 et
801 2288 1213 2337 exterminationis,
1248 2288 1344 2328 dies
1381 2289 1669 2329 tenebrarum
1707 2296 1752 2332 et
1771 2308 1811 2335 30

479 2353 689 2405 caliginis
722 2367 858 2406 super
889 2355 1099 2394 civitates
1132 2354 1284 2394 firmas
1317 2359 1362 2395 et
1394 2367 1531 2408 super
1555 2356 1750 2408 angulos

478 2420 701 2460 excelsos.
775 2420 834 2460 Et
887 2421 1204 2461 contribulabo
1254 2421 1475 2471 homines,
1522 2426 1568 2462 et
1619 2423 1751 2464 ibunt

477 2486 595 2525 sicut
615 2486 739 2535 circi,
762 2487 870 2538 quia
888 2487 1087 2527 Domino
1108 2492 1430 2540 peccaverunt,
1454 2492 1499 2528 et
1521 2488 1749 2529 effundam

477 2553 747 2603 sanguinein
771 2553 890 2593 sicut
922 2554 1171 2605 pulverem,
1205 2559 1250 2594 et
1271 2566 1430 2594 carnes
1454 2566 1609 2593 eorum
1630 2555 1750 2596 Sicut

525 2718 548 2736 Τ·
573 2721 746 2760 Micheas]
770 2722 812 2752 vi.
834 2725 884 2753 10.
1176 2720 1202 2741 ³2
1229 2724 1271 2752 lit
1299 2723 1516 2754 ‹wmlribulabu
1545 2748 1552 2755 .
1574 2748 1580 2756 .
1602 2748 1608 2755 .
1637 2725 1747 2755 Domi-

521 2765 545 2781 Ἡ
571 2768 775 2808 ιδ’(ι])Ιιιηιίιι.κ·.]
794 2769 814 2799 i.
835 2771 886 2799 11.
1131 2769 1192 2810 Νὴ]
1223 2771 1294 2800 01η.
1320 2769 1358 2800 V.
