1907 3214
448 209 532 250 100
872 220 1100 250 EPISTOLA
1132 219 1306 250 GILDAE.

451 326 614 375 Israel,
636 330 682 366 et
714 325 871 366 audies
904 339 962 366 ex
994 339 1072 366 ore
1101 339 1202 366 meo
1225 326 1431 374 verbum,
1456 338 1558 365 cum
1580 324 1728 366 dicam

451 393 698 447 peccatori,
733 398 880 433 morte
914 392 1146 443 morieris3
1198 397 1244 433 et
1285 405 1378 432 non
1418 391 1637 445 loqueris,
1676 397 1729 433 ut

451 464 632 501 avertat
665 472 714 499 se
752 472 779 499 a
801 459 876 500 via
910 472 994 499 sua
1024 459 1221 512 impius;
1256 463 1301 499 et
1335 459 1433 511 ipse
1464 459 1649 512 iniquus
1680 458 1728 498 in

450 527 696 579 iniquitate
730 539 814 566 sua
851 526 1085 575 morietur,
1120 525 1393 579 sanguinem
1432 530 1585 566 autem
1628 525 1728 579 ejus

452 594 508 633 de
540 606 680 633 manu
709 598 789 634 tua
820 593 1066 646 requiram.
1137 592 1210 632 Tu
1232 606 1358 643 vero,
1387 592 1426 632 si
1460 591 1730 645 praedixeris
1771 599 1789 626 5

451 661 592 712 impio
614 661 735 700 viam
769 660 884 714 ejus,
906 665 958 700 ut
994 664 1174 700 avertat
1206 672 1254 699 se
1288 660 1343 699 ab
1377 672 1446 708 ea,
1480 664 1526 699 et
1558 672 1650 699 11011
1682 672 1731 699 se

453 727 673 768 averterit
705 740 732 767 a
753 728 829 768 via
864 740 973 777 sua3
1008 727 1081 766 hic
1115 739 1200 766 sua
1226 726 1463 780 impietate
1495 726 1732 776 morietur,

453 799 499 834 et
522 799 572 834 tu
592 795 791 834 animam
813 799 940 833 tuam
963 794 1186 846 eripuisti.

237 873 372 902 Passages
523 860 545 913 ᾗ
566 860 638 900 92.
673 860 761 900 Sed
784 859 1014 901 sufficiant
1032 860 1130 900 haec
1150 873 1300 913 pauca
1320 860 1375 900 de
1396 860 1604 913 pluribus
1627 873 1733 913 pro-

235 907 417 964 ῧὲἷῗῗέἷω·
453 926 696 980 phetarum
729 927 1008 976 testimonia,
1031 927 1196 980 quibus
1228 927 1490 967 retunditur
1520 927 1735 980 superbia
1756 939 1794 968 10

235 976 357 1038 3323„
453 994 526 1035 vel
562 994 752 1046 ignavia
784 994 1074 1034 sacerdotum
1103 994 1459 1044 contumacium,
1481 1007 1538 1034 ne
1569 999 1735 1047 putent

454 1074 538 1102 nos
558 1062 745 1114 propria
761 1061 914 1114 potius
937 1061 1280 1111 adinventione,
1296 1074 1434 1115 quam
1451 1061 1582 1114 legis,
1599 1073 1734 1102 sanc-

454 1134 605 1169 torum
628 1128 701 1168 vel
727 1129 1018 1176 auctoritate,
1042 1128 1107 1168 eis
1141 1128 1253 1168 talia
1283 1128 1575 1168 denunciare.
1648 1127 1734 1168 Vi-

455 1195 642 1235 deamus
670 1195 813 1247 igitur
834 1195 942 1247 quid
968 1195 1253 1247 Evangelica
1286 1196 1399 1235 tuba
1426 1195 1597 1235 mundo
1631 1208 1733 1249 per-

455 1275 626 1302 sonans
665 1262 940 1302 inordinatis
980 1262 1295 1302 sacerdotibus
1337 1262 1595 1314 eloquatur,
1641 1276 1734 1303 non
1754 1275 1794 1303 15

456 1328 577 1368 enim
613 1328 668 1368 de
699 1328 807 1377 illis,
840 1334 891 1369 ut
923 1328 1022 1382 Jam
1062 1329 1279 1378 diximus,
1321 1329 1400 1381 qui
1432 1329 1735 1382 apostolicam

456 1396 610 1436 sedem
642 1395 844 1447 legitime
878 1396 1103 1445 obtinent,
1123 1395 1290 1449 quique
1309 1396 1425 1436 bene
1450 1400 1621 1436 norunt
1643 1396 1734 1436 lar—

461 1463 547 1515 giri
569 1462 828 1515 spiritualia
848 1463 1082 1503 conservis
1114 1463 1209 1503 suis
1242 1463 1288 1502 in
1320 1467 1524 1516 tempore
1548 1463 1734 1513 cibaria,

458 1530 496 1568 si
518 1530 596 1582 qui
616 1534 770 1569 tamen
803 1529 935 1570 multi
967 1529 1012 1569 in
1045 1530 1397 1582 praesentiarum
1423 1534 1547 1579 sunt,
1568 1530 1647 1570 sed
1679 1530 1735 1571 de

456 1596 719 1648 pastoribus
761 1596 1001 1648 imperitis,
1038 1596 1117 1649 qui
1156 1596 1481 1650 derelinquunt
1521 1609 1646 1644 oVeS‚
1691 1602 1737 1639 et
1752 1609 1795 1639 20

456 1667 653 1715 pascunt
670 1675 806 1712 vana,
830 1668 875 1703 et
896 1677 986 1703 non
1009 1663 1181 1704 habent
1201 1665 1342 1704 verba
1362 1664 1562 1716 pastoris
1584 1664 1735 1717 periti,

457 1730 588 1770 nobis
609 1743 757 1769 sermo
780 1735 865 1770 est.
939 1730 1142 1771 Evidens
1164 1744 1273 1783 ergo
1294 1730 1512 1771 indicium
1534 1736 1619 1780 est,
1642 1744 1736 1772 non

458 1809 556 1837 esse
596 1810 698 1836 eum
739 1797 995 1849 legitimum
1041 1802 1291 1850 pastorem,
1343 1797 1422 1838 sed
1462 1797 1736 1839 mediocrem

458 1864 640 1915 quidem
677 1863 1008 1914 Christianum,
1050 1864 1128 1917 qui
1167 1865 1266 1905 haec
1299 1878 1391 1905 non
1428 1869 1523 1905 tam
1560 1870 1735 1915 nostra,

458 1931 536 1982 qui
570 1930 703 1971 valde
734 1930 891 1982 exigui
927 1944 1100 1980 sumus,
1134 1944 1272 1984 quam
1305 1931 1490 1971 Veteris
1519 1931 1737 1986 Novique
1754 1942 1795 1971 25

458 1996 746 2037 Testamenti
768 1996 951 2037 decreta
978 1998 1276 2047 recusaverit,
1298 1998 1371 2038 vel
1403 1997 1633 2039 inficiatus
1666 1999 1736 2039 fu—

459 2062 560 2112 erit,
602 2064 722 2104 sicut
766 2064 880 2104 bene
922 2065 1107 2116 quidam
1150 2069 1413 2105 nostrorum
1452 2064 1544 2116 ait;
1588 2065 1736 2119 Opta-

458 2129 611 2170 biliter
645 2130 870 2183 cupimuS,
914 2136 966 2172 ut
1007 2131 1162 2172 hostes
1203 2132 1407 2172 ecclesiae
1449 2132 1541 2173 sint
1592 2133 1739 2174 nostri

462 2210 645 2249 quoque
680 2198 852 2250 absque
890 2198 985 2239 ullo
1025 2198 1197 2239 foedere
1230 2199 1403 2249 hostes,
1440 2204 1486 2240 et
1518 2200 1652 2240 amici
1685 2213 1738 2241 ac

459 2263 720 2304 defensores
754 2265 899 2305 nostri
933 2278 1024 2305 non
1057 2266 1205 2307 solum
1236 2266 1465 2316 foederati,
1488 2267 1566 2307 sed
1599 2267 1737 2308 etiam
1757 2275 1798 2303 30

459 2336 614 2382 patres
649 2344 701 2371 ac
738 2331 909 2371 domini
939 2332 1211 2373 habeantur.
1285 2332 1576 2374 Conveniant
1609 2346 1737 2374 nam-

459 2410 547 2450 que
580 2398 749 2450 singuli
772 2412 880 2439 vero
905 2400 1116 2440 examine
1149 2400 1476 2441 conscientiam
1508 2413 1654 2450 suam,
1692 2406 1739 2442 et

459 2464 524 2504 ita
545 2464 901 2516 deprehendent,
934 2479 993 2506 an
1025 2467 1275 2507 secundum
1308 2472 1480 2507 rectam
1512 2468 1738 2508 rationem

459 2531 735 2571 sacerdotali
778 2532 1007 2572 cathedrae
1050 2533 1294 2574 insideant.
1368 2533 1636 2583 Videamus,
1668 2534 1737 2574 in-

508 2719 532 2739 ¹⁰
552 2722 706 2763 Quibus]
732 2724 832 2764 Quis,
852 2725 890 2758 V.
1164 2724 1190 2744 22
1208 2722 1340 2769 Nabim]
1370 2726 1486 2766 Vobis,
1504 2728 1547 2758 B.

506 2766 529 2785 2¹
554 2769 624 2808 [CL]
653 2770 753 2810 Nam,
778 2771 815 2803 V.
1163 2770 1190 2790 ²³
1207 2772 1313 2813 Sint]
1343 2775 1414 2804 Om.
1441 2774 1478 2805 V.
