1907 3214
491 216 605 257 xviii
1026 221 1252 251 PREFA-Css.

559 331 666 380 don,
707 331 754 370 in
798 324 943 370 1525.ι
1019 326 1118 367 Τ110
1164 320 1388 374 P1·eface‚²
1429 323 1674 365 addressed
1717 328 1765 363 to

563 408 789 450 Cuthbert
830 403 1062 453 Tunstall,
1107 403 1217 444 then
1251 402 1425 455 Bishop
1473 401 1526 442 of
1557 400 1765 449 London,

562 485 753 526 informs
793 497 847 524 us
889 482 991 523 that
1026 486 1118 521 two

1159 479 1466 532 manuscripts
1502 491 1621 519 were
1657 477 1766 518 used

563 563 610 602 in
631 562 829 614 forming
851 560 928 601 the
950 563 1077 609 text3
1116 557 1218 598 that
1241 556 1318 598 the
1342 556 1489 597 editor
1509 550 1766 596 corrected³

545 666 552 681 ¹
578 663 648 693 The
678 662 750 693 title
783 662 811 692 is
843 671 880 692 as
912 660 1042 691 follows
1058 670 1114 689 :—

500 711 508 727 ‘
519 710 617 749 Opus
635 709 781 740 Novum.
799 708 920 739 Gildas
935 708 1116 737 Britannus

501 756 697 794 monachus,
724 756 780 786 cui
806 754 975 794 Sapientis
992 763 1116 792 cogno-

500 806 645 833 mentum
662 806 713 832 est
733 801 890 839 inditum,
913 801 954 830 de
978 799 1117 829 calami-
1134 820 1135 825 ,

460 880 467 886 ‚
500 853 579 888 tate,
602 849 746 887 excidio,
772 851 806 878 et
834 849 1018 885 conquestu
1044 845 1118 875 Bri-

502 896 638 934 tanniae,
680 905 781 933 quam
823 894 983 932 Angliam
1031 894 1137 922 nunc*

501 946 632 980 vocant,
648 945 764 971 auctor
779 942 932 970 vetustus
958 948 978 969 a
1005 938 1119 968 multis

501 989 560 1018 diu
578 988 801 1025 desideratus,
823 989 856 1016 et
872 995 978 1025 nuper
994 984 1027 1015 in
1045 994 1121 1023 gra·

502 1036 582 1065 tiam
634 1034 679 1065 D.
719 1033 895 1064 Cuthberti
945 1031 1120 1070 Tonstalli,

503 1080 724 1112 Londinensis
761 1079 923 1118 episcopi,
969 1078 1120 1108 formulis

503 1127 675 1158 excusus?

539 1173 551 1190 ²
563 1174 572 1191 ‘
582 1173 743 1212 Polydori
751 1172 893 1211 Vergilii
904 1171 1078 1202 Urbinatis
1088 1170 1121 1199 in

599 1220 737 1251 Gildam
751 1216 944 1258 Sapientem
958 1217 1000 1248 ad
1018 1216 1122 1247 Cuth-

598 1267 728 1297 bertum
751 1265 972 1304 Tonstallum,
1001 1263 1123 1294 Londi-

598 1323 735 1343 nensem
777 1313 986 1351 episcopum,
1030 1310 1123 1340 Prae-

600 1359 693 1390 satio.

553 1406 709 1436 ‘Abhinc
748 1404 877 1443 aliquot
903 1413 1019 1442 annos,
1047 1412 1122 1433 011111

507 1462 569 1491 ego
590 1462 641 1483 me
665 1452 708 1482 ad
733 1451 918 1481 Historiam
946 1450 1124 1489 Anglicam

508 1498 717 1529 scribendam
730 1498 911 1536 dedissem,
927 1498 1067 1536 ejusque
1079 1496 1125 1526 rei

508 1555 613 1576 causa
632 1544 843 1584 postmodum
868 1543 1018 1573 Annales
1043 1543 1127 1573 assi-

508 1592 574 1622 due
591 1592 790 1629 evolverem,
813 1590 880 1629 legi
904 1590 1009 1628 primo
1034 1589 1125 1628 apud

510 1638 650 1677 Bedam,
672 1638 793 1668 deinde
810 1636 902 1675 apud
919 1635 1126 1667 Gulielmum

511 1685 757 1723 Newburgum,
791 1682 969 1722 quemdam
993 1682 1127 1712 histori-

510 1741 599 1769 cum,
630 1731 760 1761 nomine
783 1729 934 1768 Gildam,
960 1728 1127 1767 quondam

511 1778 665 1808 flebiliter
709 1786 845 1807 suorum
892 1775 1128 1805 Britannorum

512 1824 735 1854 calamitatem
745 1823 869 1862 pariter
880 1825 980 1860 atque
991 1825 1130 1860 peccata

513 1870 718 1908 deplorasse.
777 1870 854 1901 Quo
897 1869 1040 1907 cognito,
1082 1868 1127 1898 nil

514 1917 595 1946 mihi
621 1917 734 1955 potius
758 1915 833 1954 fuit,
858 1924 958 1953 quam
981 1924 1058 1944 eum
1082 1915 1129 1944 in-

515 1963 680 2000 vestigare
706 1965 887 2000 auctorem,
910 1970 1007 1999 quem
1035 1961 1130 1991 nobis

515 2010 708 2048 adjumento
738 2007 807 2038 fore
833 2009 905 2046 jam
930 2010 999 2037 tum
1031 2007 1129 2045 quasi

517 2065 575 2093 pro
598 2058 687 2085 certo
712 2054 922 2092 haberemus,
947 2054 1004 2091 qui
1032 2054 1130 2092 longo

516 2104 591 2140 post
606 2105 752 2139 tempore
776 2100 909 2130 tandem
934 2099 1015 2129 mihi
1039 2109 1130 2138 quae-

517 2147 599 2178 renti
617 2148 649 2177 in
667 2156 785 2177 manus
801 2146 930 2185 incidit,
945 2156 987 2175 ex
1000 2156 1080 2185 quo,
1095 2148 1131 2176 ut

518 2204 631 2223 verum
665 2193 782 2231 fatear,
812 2193 910 2231 longe
943 2192 1130 2223 mehercule

518 2241 627 2270 minus
644 2240 716 2278 cepi
745 2239 886 2275 fructus,
914 2249 1013 2277 quam
1035 2242 1133 2277 puta-

518 2297 600 2325 ram,
617 2286 706 2325 quod
723 2286 778 2315 ille
804 2286 836 2315 in
863 2285 1001 2316 historia
1021 2285 1133 2315 admo-

518 2333 597 2362 ‹lum
616 2333 724 2363 brevis
740 2332 850 2362 fuerit.
902 2332 947 2361 At
963 2335 1013 2371 111,
1025 2332 1134 2370 opime

518 2380 687 2418 episcope,
703 2380 761 2417 qui
779 2378 923 2408 maxime
940 2379 1085 2408 omnium
1103 2378 1134 2407 in
1150 2391 1152 2396 ⁴

520 2436 587 2455 rem
620 2426 800 2455 literariam
831 2425 996 2463 agendam
1033 2425 1137 2455 001111-

521 2476 633 2501 nenter
680 2471 857 2508 incumbis,
896 2471 986 2500 haud
1034 2471 1137 2500 multo

522 2520 596 2556 post
633 2517 773 2547 alterum
805 2516 951 2546 codicem
984 2517 1138 2547 omuibus

522 2563 673 2601 vestigiis
685 2563 877 2600 indagatum
891 2563 1054 2601 reperisti.
1086 2563 1138 2593 lta

522 2610 611 2639 sama
624 2609 743 2639 veteris
756 2609 902 2639 auctoris
913 2610 1036 2639 inventi
1047 2609 1138 2639 brevi
1154 2609 1156 2651 ζ

523 2657 564 2686 ad
582 2656 727 2686 omnium
752 2656 909 2685 bonarum
933 2656 1053 2686 artium
1071 2659 1140 2686 stu-
1156 2692 1157 2697 ¹

523 2703 786 2732 diosissimorum
818 2712 917 2732 aures
943 2702 1040 2732 facile
1070 2706 1157 2741 per-¹

525 2749 832 2787 venit,tantu1nque
850 2749 923 2787 ejus
936 2748 1139 2779 desiderium

1151 659 1242 698 fecit,
1273 662 1311 689 ut
1343 658 1510 698 placuerit
1543 657 1677 688 tandem
1708 657 1767 688 ali-

1151 706 1285 745 quando
1305 705 1447 745 vulgari,
1463 704 1517 735 vel
1540 714 1581 735 ea
1603 705 1645 734 de
1661 714 1767 735 causa

1152 756 1188 783 ut
1204 753 1368 783 diluceret
1383 752 1476 782 fraus
1500 751 1675 782 nebulonis
1691 761 1768 790 pes—

1152 800 1239 838 simi,
1263 800 1321 838 qui
1346 798 1465 838 paucis
1491 801 1566 828 ante
1594 798 1702 837 annis,
1725 808 1767 828 ex

1135 881 1136 891 ,
1153 846 1331 885 cujusdam
1349 844 1514 876 Gaufredi
1534 845 1668 883 scriptis
1694 845 1768 876 bre-

1152 893 1295 922 viarium
1334 894 1579 931 composuerat,
1615 891 1767 930 illudque

1153 938 1267 969 Gildae
1299 938 1468 977 Sapientis
1498 937 1583 968 falso
1615 947 1768 977 compen-

1153 985 1247 1015 dium
1263 985 1453 1023 scripserat.
1503 983 1618 1016 Quare
1634 987 1684 1023 tu,
1704 994 1768 1014 non

1153 1031 1251 1062 modo
1266 1031 1428 1069 codicem,
1452 1030 1513 1061 sed
1529 1031 1629 1061 etiam
1644 1030 1768 1062 laboris

1155 1079 1281 1108 socium
1299 1077 1435 1116 dedisti,
1457 1076 1657 1108 familiarem
1673 1080 1769 1108 tuum

1155 1125 1338 1155 Robertum
1355 1123 1537 1163 Ridleium,
1564 1124 1769 1155 sacerdotem

1155 1181 1231 1201 cum
1254 1171 1442 1209 honestum,
1458 1173 1528 1201 tum
1548 1171 1582 1200 in
1603 1170 1772 1210 theologia

1155 1218 1343 1257 probatum.
1392 1217 1501 1247 Nobis
1521 1217 1626 1257 igitur
1642 1217 1685 1247 ad
1700 1227 1769 1248 rem

1156 1264 1337 1303 aggressis,
1349 1264 1481 1294 codices
1492 1264 1591 1294 simul
1601 1264 1772 1295 conferen—

1156 1311 1247 1341 tibus
1263 1320 1301 1341 ac
1318 1314 1428 1341 errata
1437 1310 1552 1341 tollere
1562 1311 1772 1350 conantibus,

1157 1367 1246 1397 ecce,
1278 1357 1389 1388 subito
1418 1357 1516 1396 longe
1553 1357 1772 1396 gravissimus

1157 1403 1311 1443 obrepuit
1340 1404 1455 1441 labor,
1491 1403 1774 1442 deprehendimus

1157 1451 1245 1481 enim
1276 1450 1395 1480 bonam
1432 1454 1561 1489 partem
1602 1459 1771 1480 sacrorum

1157 1497 1433 1536 testimoniorum,
1449 1497 1573 1536 quibus
1589 1499 1706 1528 auctor
1726 1497 1776 1528 ita

1158 1543 1277 1582 utitur,
1293 1546 1331 1573 ut
1347 1543 1522 1574 scribendo
1535 1552 1626 1582 saepe
1642 1543 1774 1575 desinat

1159 1599 1232 1620 esse
1260 1599 1356 1629 suuS,
1386 1599 1450 1620 non
1482 1590 1666 1621 consentire
1697 1600 1773 1621 cum

1160 1637 1231 1667 suis
1247 1636 1432 1667 autoribus.
1480 1636 1567 1667 Tum
1576 1636 1776 1668 addubitare

1160 1682 1339 1722 coepimus,
1371 1683 1400 1713 si
1429 1682 1489 1713 illa
1515 1683 1563 1714 sic
1594 1686 1777 1723 manerent,

1161 1730 1253 1760 velut
1269 1732 1393 1768 agnata
1407 1729 1555 1760 membra
1574 1728 1673 1760 facile
1696 1739 1778 1769 neg-

1161 1776 1284 1807 lectum
1301 1776 1355 1815 iri,
1377 1776 1428 1806 sin
1455 1776 1499 1806 ad
1520 1776 1657 1807 verbum
1681 1786 1777 1815 repo-

1162 1824 1329 1860 nerentur,
1352 1822 1447 1853 nobis
1463 1823 1550 1853 istuc
1566 1821 1659 1854 haud
1674 1822 1775 1853 dubie

1162 1869 1243 1899 vitio
1273 1869 1390 1899 datum
1425 1869 1479 1908 iri,
1509 1868 1601 1908 quod
1631 1869 1777 1900 auctoris

1163 1916 1264 1946 verba
1290 1916 1543 1954 mutaverimus,
1568 1915 1627 1954 qui
1651 1915 1695 1946 ad
1721 1925 1779 1946 ex-

1162 1965 1300 1992 tremum
1328 1961 1436 2001 legem
1455 1961 1657 2001 jampridem
1678 1962 1780 1993 libro-

1163 2018 1235 2038 rum
1258 2011 1407 2038 veterum
1433 2008 1692 2047 castigatoribus
1723 2009 1782 2039 da-

1163 2058 1229 2085 tam
1258 2055 1365 2084 secuti
1381 2054 1541 2085 nonnulla
1561 2055 1780 2095 resecuimus,

1164 2100 1357 2132 addidimus
1390 2104 1502 2132 autem
1541 2101 1636 2131 nihil.
1699 2101 1780 2140 Ipse

1165 2157 1241 2177 vero
1258 2150 1386 2185 postea,
1402 2150 1440 2177 ut
1454 2147 1571 2186 oratio,
1587 2157 1647 2186 per
1662 2147 1781 2187 hyper-

1164 2195 1262 2224 baton
1280 2194 1405 2232 passim
1432 2194 1625 2233 obscurata,
1651 2193 1781 2232 planior

1167 2241 1268 2277 fieret,
1287 2249 1351 2270 uno
1368 2240 1419 2270 vel
1436 2241 1540 2271 altero
1555 2241 1628 2271 loco
1643 2241 1780 2272 verbum

1166 2286 1299 2325 longius
1316 2287 1460 2325 positum
1486 2287 1593 2327 magis
1619 2296 1784 2327 perappo-

1168 2334 1229 2364 site
1246 2333 1423 2363 locandum
1446 2334 1574 2365 curavi.
1631 2333 1718 2364 Haec
1741 2333 1783 2364 de

1168 2379 1353 2419 opusculo;
1393 2380 1452 2410 sed
1482 2381 1554 2419 jam
1596 2379 1640 2410 ad
1671 2381 1782 2419 ipsum

1169 2429 1336 2457 auctorem
1353 2426 1551 2456 veniamus.’

1214 2471 1226 2488 ³
1250 2472 1458 2511 Concerning
1483 2472 1539 2502 the
1566 2472 1725 2502 Vei-siuns
1751 2472 1788 2502 of

1171 2516 1225 2545 the
1250 2518 1439 2556 Scriptores
1471 2517 1553 2549 used
1580 2518 1623 2556 by
1653 2518 1787 2558 Gildas,

1154 2562 1226 2593 ,1110
1258 2564 1374 2594 reader
1405 2574 1481 2603 may
1512 2563 1643 2594 consult
1678 2564 1787 2595 Arch-

1172 2609 1290 2648 bishop
1333 2610 1470 2641 Usher's
1500 2611 1508 2627 ‘
1536 2611 1719 2641 Discourse
1755 2611 1792 2641 of

1173 2655 1227 2685 the
1247 2655 1400 2695 Religion
1424 2656 1591 2695 anciently
1616 2657 1787 2695 professed

1175 2702 1216 2740 by
1233 2702 1288 2731 the
1302 2702 1388 2732 lrish
1401 2703 1466 2733 and
1482 2703 1631 2743 Britisb‚'
1643 2714 1699 2743 pp.
1711 2706 1790 2735 524-

1176 2751 1250 2788 529,
1269 2748 1347 2778 edit.
1368 2750 1501 2780 Cambr.
1523 2752 1616 2781 1835.
