1907 3214
455 250 510 289 70
881 260 1104 291 EPISTULA
1138 259 1309 288 GILDAE.

455 367 611 420 spicue
653 364 1022 418 deprehenditur.
1093 364 1182 405 Sed
1219 363 1329 416 quid
1369 367 1527 403 nostra
1561 362 1732 403 medio-

457 434 595 474 critas
639 433 742 472 huic
783 437 878 472 tam
920 436 1080 485 aperto
1122 431 1276 471 sensui
1318 430 1569 471 miscetur?
1641 429 1733 470 Lo·-

458 505 627 553 quatur
654 512 851 552 namque
884 511 967 551 pro
1001 498 1149 547 nobis,
1180 502 1233 538 ut
1257 497 1473 547 diximus,
1502 496 1581 549 qui
1608 497 1734 537 solus

457 580 601 607 verax
625 572 712 616 est,
740 565 937 619 Spiritus
970 565 1146 605 scilicet
1173 565 1388 614 Sanctus,
1418 564 1473 604 de
1494 576 1585 617 quo
1613 576 1735 604 nunc

460 634 641 674 dicitur.
714 633 913 686 Spiritus
941 638 1095 673 autem
1123 637 1312 672 sanctus
1341 630 1594 684 disciplinae
1623 629 1735 671 effu·
1777 643 1796 670 5

459 702 554 754 giet
596 701 778 750 fictum3
823 704 869 740 et
907 699 1088 749 iterum,
1134 699 1367 750 Quoniam
1410 697 1608 751 Spiritus
1648 696 1737 738 Dei

459 768 654 822 replevit
685 768 840 808 orbem
876 772 1127 817 terrarum3
1167 771 1213 807 et
1246 766 1382 815 infra,
1421 765 1558 805 finem
1592 764 1737 805 malo-

460 848 561 875 rum
612 835 927 886 bonorumque
978 834 1161 874 oculato
1207 832 1382 887 judicio
1430 831 1738 885 praetendens,

461 902 542 950 ait,
586 900 829 952 Quomodo
874 913 978 953 spes
1014 900 1142 954 impii
1183 905 1405 952 tanquam
1442 899 1615 950 lanugo
1654 904 1739 947 est,

462 981 565 1022 quae
615 980 642 1008 a
686 972 824 1008 vento
874 966 1067 1017 tollitur,
1116 972 1161 1008 et
1202 971 1425 1019 tanquam
1469 965 1622 1006 fumus
1662 965 1740 1018 qui
1760 976 1800 1004 10

462 1048 490 1075 a
533 1039 672 1076 vento
715 1034 906 1074 diffusus
949 1039 1034 1083 est,
1080 1039 1126 1074 et
1163 1038 1384 1087 tanquam
1430 1045 1594 1086 spuma
1635 1045 1740 1085 gra-

462 1102 578 1151 ciliS,
620 1114 723 1155 quae
773 1114 801 1141 a
849 1101 1052 1154 procella
1091 1101 1386 1154 dispergitur,
1432 1105 1478 1141 et
1520 1104 1741 1153 tanquam

464 1170 684 1209 memoria
713 1168 907 1221 hospitis
928 1168 1064 1208 unius
1091 1167 1181 1208 diei
1206 1167 1544 1221 praetereuntis.
1616 1166 1645 1207 J
1650 1166 1743 1207 usti

465 1242 619 1277 autem
650 1236 696 1276 in
736 1240 1007 1289 perpetuum
1039 1235 1214 1285 vivent,
1249 1239 1294 1275 et
1326 1233 1447 1287 apud
1484 1234 1633 1274 'Deum
1672 1238 1743 1274 est

465 1316 638 1343 merces
674 1302 873 1357 illorum,
908 1306 953 1342 et
987 1302 1208 1354 cogitatio
1240 1314 1396 1342 eorum
1429 1301 1550 1354 apud
1595 1299 1741 1342 Altis·
1761 1311 1801 1340 15

465 1370 645 1410 simum.
719 1368 831 1410 Ideo
863 1369 1090 1422 accipient
1124 1382 1316 1421 regnum
1342 1368 1535 1418 decoris,
1568 1373 1614 1409 et
1645 1368 1743 1408 dia-

466 1437 599 1477 dema
621 1436 789 1489 speciei
807 1436 863 1476 de
887 1448 1028 1476 manu
1049 1435 1253 1476 Domini.
1327 1434 1557 1486 Quoniam
1580 1435 1746 1476 dextra

466 1517 553 1544 sua
605 1508 818 1557 proteget
868 1515 962 1552 θος,
1011 1508 1057 1544 et
1106 1503 1293 1544 brachio
1339 1507 1502 1543 sancto
1542 1515 1626 1543 suo
1666 1502 1743 1542 de-

468 1570 624 1611 fendet
663 1570 783 1611 illos.
856 1570 1115 1610 Dissimiles
1150 1570 1318 1611 etenim
1356 1574 1465 1610 sunt
1505 1569 1744 1623 qualitate,

469 1642 578 1678 sunt
627 1636 760 1678 valde
803 1636 921 1691 justi
974 1641 1019 1677 et
1065 1637 1208 1690 impii,
1254 1636 1484 1687 nimirum,
1528 1641 1581 1678 ut
1627 1636 1746 1677 dixit
1762 1652 1804 1681 20

471 1704 715 1753 Dominus,
750 1704 842 1744 Eos
878 1704 955 1756 qui
987 1704 1233 1754 honorant,
1266 1704 1494 1757 inquiens,
1532 1717 1620 1754 me,
1664 1703 1745 1745 ho-

471 1772 660 1821 norabo,
683 1777 744 1820 et,
763 1771 842 1825 qui
861 1784 932 1811 me
954 1776 1179 1824 spernunt
1200 1776 1334 1812 erunt
1354 1770 1596 1824 ignobiles.

540 1839 655 1893 ὴ63.
690 1838 778 1879 Sed
810 1843 1100 1879 transeamus
1131 1838 1188 1879 ad
1221 1843 1386 1879 cetera.
1457 1836 1646 1887 Audite,
1677 1837 1747 1878 in-

471 1906 586 1958 quit,
627 1918 785 1946 omnes
823 1919 954 1958 reges
992 1911 1038 1946 et
1076 1906 1337 1958 intelligite,
1376 1905 1537 1946 discite
1567 1904 1748 1959 judices

471 1973 629 2012 finium
670 1978 822 2022 terrae,
863 1973 1064 2025 praebete
1102 1985 1235 2013 aures
1268 1985 1351 2013 vos
1389 1972 1468 2025 qui
1503 1972 1748 2013 continetis
1765 1987 1806 2017 25

471 2037 804 2088 multitudines,
828 2043 871 2078 et
894 2039 1086 2091 placetis
1109 2039 1239 2079 vobis
1262 2039 1307 2078 in
1323 2039 1470 2079 turbis
1491 2039 1746 2079 nationum.

473 2104 704 2155 Quoniam
737 2105 848 2146 data
869 2111 938 2147 est
963 2118 990 2146 a
1013 2106 1114 2146 Deo
1134 2111 1341 2159 potestas
1362 2106 1509 2155 vobis,
1535 2110 1580 2146 et
1601 2106 1748 2147 virtus

472 2172 529 2212 ab
562 2171 820 2222 Altissiino,
861 2174 940 2225 qui
972 2173 1277 2225 interrogabit
1314 2186 1455 2226 opera
1495 2177 1665 2223 vestra,
1704 2177 1750 2214 et

472 2238 777 2291 cogitationes
812 2240 1107 2281 scrutabitur.
1180 2239 1412 2291 Quoniam
1452 2253 1555 2281 cum
1587 2240 1749 2281 essetis

472 2306 671 2347 ministri
702 2307 834 2360 regni
866 2307 1004 2356 illius,
1037 2321 1129 2348 non
1162 2313 1284 2348 recte
1310 2306 1572 2362 judicastis,
1601 2320 1748 2361 neque
1768 2329 1809 2358 30

474 2373 740 2414 custodistis
772 2374 919 2427 legem
949 2374 1163 2428 justitiae,
1198 2388 1346 2428 neque
1380 2374 1629 2416 secundum
1667 2388 1748 2415 vo-

476 2440 697 2480 luntatem
722 2440 821 2494 ejus
847 2442 1134 2482 ambulastis.
1207 2441 1452 2483 Horrende
1474 2446 1519 2483 et
1542 2441 1750 2482 celeriter

475 2508 716 2559 apparebit
750 2508 897 2556 vobis,
940 2509 1157 2561 quoniam
1192 2509 1416 2563 judicium
1455 2508 1749 2548 durissimum

475 2572 561 2623 his,
594 2574 671 2626 qui
694 2580 916 2627 praesunt,
948 2575 1040 2616 fiet.
1113 2576 1309 2628 Exiguis
1340 2575 1460 2616 enim
1485 2574 1751 2615 conceditur

475 2641 800 2690 miseric-‹eriffi
840 2647 1052 2694 potentes
1089 2649 1241 2683 autem
1274 2647 1484 2695 potenter
1520 2646 1750 2683 tormenta
1769 2661 1807 2690 35

521 2765 543 2784 ‘2¹
576 2769 636 2797 llus
652 2768 736 2808 qim]
757 2771 771 2799 1
792 2769 880 2800 Satn.
902 2770 934 2800 ii.
955 2772 1006 2800 30.
1133 2779 1173 2799 on
1192 2772 1224 2798 to
1242 2779 1273 2807 p.
1293 2771 1346 2806 71,
1361 2769 1384 2800 l.
1403 2772 1434 2800 6.

521 2812 547 2831 ‘³⁵‘
572 2815 636 2843 Sea!
660 2816 884 2855 (7-1111sm1mus.}
913 2816 946 2846 V.
978 2825 1093 2854 passus*
1178 2814 1204 2833 '²³
1230 2816 1368 2856 [mlum]
1381 2817 1529 2856 Sapicnt.
1542 2818 1585 2850 vi.
1599 2820 1631 2857 2,
1645 2820 1674 2849 ⁸3.
1689 2821 1750 2850 etc.
