1891 3214
516 279 765 309 PRAErA'rio
799 280 971 309 GiLnr-E.
1345 273 1372 311 :3

98 390 149 425 ut
182 390 310 439 puto,
347 390 391 426 et
427 384 618 426 amicale
660 384 916 437 quibusque
959 384 1156 437 egregiis
1199 384 1369 426 Christi

98 462 366 516 tyronibus3
414 475 555 516 grave
587 475 696 503 vero
736 466 781 502 et
818 461 1106 514 importabile
1143 464 1367 515 apostatis

95 539 430 593 insipientibus.
503 538 710 590 Quorum

95 616 296 659 lacrimis
337 617 453 658 forte
495 630 598 670 quae
641 629 699 657 ex

759 539 949 592 priores,
990 539 1036 578 ni
1071 539 1220 589 fallor,
1264 553 1366 580 cum

740 616 829 656 Dei
877 616 1071 657 caritate
1114 616 1364 670 profluunt,

56 709 76 737 5
95 694 174 735 alii
204 694 325 735 enim
360 699 498 747 atque
531 707 634 734 cum
653 692 858 741 tristitia,
879 692 958 732 sed
991 706 1094 745 quae
1128 693 1183 733 de
1214 693 1363 746 indig-

93 771 279 813 natione
295 776 341 812 et
360 770 738 825 pusillanimitate
757 769 1051 822 deprehensae
1070 770 1362 812 conscientiae

93 853 410 903 extorquetur,
433 848 545 889 illud
567 847 813 901 excipient.

93 989 187 1029 aperi
211 990 307 1021 nobis
319 989 339 1027 ;'
363 990 486 1028 quibus
510 999 707 1028 responsum

91 1035 214 1076 fuerat,
239 1036 340 1067 ‘Non
365 1036 442 1066 novi
468 1036 551 1067 vos!
600 1036 709 1066 Audi-

92 1083 188 1113 ebam
219 1092 311 1121 sane,
342 1082 435 1115 ‘Qui
466 1082 645 1113 crediderit
675 1085 708 1112 et

92 1129 284 1169 baptizatus
299 1128 400 1159 fuerit
415 1129 530 1159 salvus
546 1129 608 1159 erit
622 1140 630 1166 ;
648 1129 707 1167 qui

91 1179 204 1206 autem
228 1185 294 1206 non
315 1175 494 1206 crediderit
509 1175 707 1206 condemna-

91 1222 205 1253 bitur!
252 1222 420 1261 Legebam
436 1222 591 1260 Apostoli
614 1232 706 1261 voce,

92 1267 240 1300 Oleastri
263 1278 392 1300 ramum
418 1268 514 1299 bonae
531 1269 629 1299 olivae
657 1269 705 1298 'm-

94 1318 220 1345 sertum
251 1314 379 1353 suisse;
404 1315 463 1345 sed
495 1324 515 1345 a
545 1315 704 1346 societate

92 1361 216 1393 radicis
245 1361 462 1401 pinguedinis
488 1361 651 1401 ejusdem,
675 1362 703 1391 si

53 1443 64 1449 ’
91 1416 156 1438 non
188 1409 367 1448 timuisset,
398 1411 431 1438 et
460 1407 529 1438 alta
560 1412 721 1448 saperet,¹

384 1454 539 1485 Sciebam
576 1454 704 1484 miseri·
719 1451 721 1489 3
737 1452 799 1482 luti
816 1452 998 1489 ingenitum
1016 1451 1098 1489 quid
1124 1456 1157 1482 et
1173 1451 1350 1483 indelebile

718 1498 937 1538 'insipientiae
969 1497 1100 1537 pondus
1138 1501 1171 1528 et
1203 1498 1349 1530 levitatis

90 1454 325 1486 excidendum.

90 1500 237 1532 cordiam
255 1500 404 1539 Domini,
416 1501 475 1531 sed
491 1504 523 1531 et
533 1500 700 1540 judicium

89 1547 247 1579 timebam
261 1558 270 1586 3
286 1547 466 1578 laudabam
480 1547 632 1586 gratiam,
643 1548 701 1577 sed

87 1594 307 1625 redditionem
323 1594 505 1632 unicuique
517 1593 701 1624 secundum

87 1650 191 1680 opera
215 1650 278 1671 sua
302 1641 461 1678 verebar3
495 1649 574 1671 oves
600 1640 719 1671 unius.

88 1687 186 1718 ovilis
207 1686 388 1718 dissimiles
411 1696 559 1725 cernens,
584 1687 700 1717 merito

88 1733 318 1765 beatissimum
334 1733 485 1764 dicebam
502 1733 642 1764 Petrum
658 1734 699 1765 ob

88 1779 214 1811 Christi
228 1780 391 1819 integram
402 1779 639 1811 confessionem
644 1803 653 1819 ,
666 1784 699 1811 at

87 1826 110 1858 J
112 1826 213 1857 udam
222 1826 635 1866 infelicissimum,pr0pter
643 1836 699 1857 cu-

87 1873 239 1912 piditatis
246 1883 389 1904 amorem
400 1884 407 1911 3
416 1873 621 1912 Stephanum
631 1873 699 1912 glo-

87 1920 212 1950 riosum
227 1920 270 1951 ob
285 1919 435 1959 martyrii
457 1920 614 1959 palmam,
639 1920 697 1950 sed

89 1965 269 1997 Nicolaum
295 1967 453 1997 miserum
479 1970 615 2006 propter
639 1967 698 1996 im—

87 2013 222 2044 mundae
237 2012 398 2044 haeresios
419 2016 541 2043 notam.
592 2013 698 2052 Lege-

86 2058 163 2090 bam
193 2062 294 2099 certe,
327 2060 456 2089 ‘Erant
486 2059 554 2090 illis
587 2060 697 2090 omnia

86 2106 306 2144 communia?
329 2105 388 2136 sed
410 2109 443 2136 et
465 2106 555 2145 quod
570 2105 697 2136 dictum

87 2155 150 2191 est,
175 2152 311 2185 ‘Quare
335 2152 488 2183 convenit
506 2153 598 2183 vobis
623 2156 696 2182 ten-

86 2201 157 2229 tare
193 2198 355 2238 Spiritum
382 2198 448 2228 Dei
462 2199 484 2228 2’
531 2198 695 2229 Videbam

86 2253 105 2275 e
141 2245 276 2284 regione
313 2248 474 2283 quantum
507 2245 697 2275 securitatis

86 2290 276 2321 hominibus
297 2291 399 2321 nostri
414 2291 583 2329 temporis,
606 2300 645 2320 ac
669 2291 696 2320 si

86 2346 151 2367 non
177 2340 266 2367 esset
281 2336 370 2375 quod
393 2337 575 2375 timeretur,
591 2337 697 2366 incre-

86 2387 190 2414 verat.
263 2383 349 2413 Haec
390 2383 492 2421 igitur
525 2386 558 2413 et
594 2383 698 2413 multo

86 2430 196 2469 plura,
208 2439 284 2468 quae
297 2429 468 2459 brevitatis
483 2438 587 2459 causa
602 2429 697 2459 omit-

85 2476 187 2507 tenda
223 2476 444 2514 decrew'mus,
481 2485 555 2505 cum
587 2475 697 2514 quali-

87 2531 219 2562 cunque
242 2521 351 2553 cordis
374 2522 625 2561 compunctione
649 2525 697 2552 at-

86 2614 234 2654 inquam,
265 2615 427 2654 peculiari
464 2624 506 2645 ex
543 2615 697 2645 omnibus

87 2662 276 2693 nationibus
291 2661 429 2701 populo,
451 2662 568 2692 semini
593 2662 696 2701 regali

87 2708 244 2747 gentique
267 2711 404 2747 sanctae,
429 2707 472 2738 ad
496 2717 596 2746 quam
623 2708 696 2738 dix-

87 2757 170 2793 erat,
185 2754 195 2770 ‘
205 2754 453 2794 Primogenitus
463 2763 557 2785 meus
569 2755 698 2793 Israel,'

87 2800 227 2839 ejusque
249 2800 490 2839 sacerdotibus,
517 2800 699 2840 prophetis,

723 991 725 997 ¹
743 988 891 1027 regibus,
915 997 974 1026 per
990 990 1037 1017 tot
1054 988 1179 1026 secula,
1196 988 1360 1027 Apostolo

742 1035 904 1072 ministro,
935 1034 1090 1064 membris
1128 1034 1229 1064 etiam
1266 1035 1358 1066 illius

742 1081 920 1119 primitivae
939 1080 1092 1111 ecclesiae
1110 1081 1276 1111 Dominus
1293 1091 1356 1111 non

743 1127 893 1166 pepercit
910 1136 985 1157 cum
1003 1137 1023 1157 a
1039 1130 1129 1157 recto
1152 1127 1282 1157 tramite
1298 1128 1357 1157 de-

740 1173 872 1212 viarint,
882 1173 963 1212 quid
980 1173 1039 1203 tali
1056 1172 1157 1212 hujus
1173 1177 1356 1205 atramento

741 1220 850 1251 aetatis
874 1219 1025 1250 facturus
1049 1223 1123 1250 est?
1149 1220 1203 1250 cui
1232 1225 1355 1259 praeter

739 1266 797 1297 illa
813 1265 957 1297 nefanda
968 1266 1191 1305 immaniaque
1202 1271 1353 1307 peccata,

739 1323 815 1351 quae
844 1313 1061 1343 communiter
1092 1322 1167 1343 cum
1199 1314 1352 1345 onmibus

738 1358 853 1390 mundi
893 1360 1064 1390 sceleratis
1101 1360 1183 1398 agit,
1221 1360 1353 1391 accedit

739 1405 890 1444 [accidit,
919 1406 959 1436 1⁷.
975 1405 1030 1445 J.]
1054 1405 1155 1435 etiam
1183 1405 1266 1435 illud
1296 1416 1351 1437 ve-

736 1545 958 1576 ineluctabile.
1032 1544 1155 1577 Quid?
1201 1544 1349 1576 mihimet

735 1592 843 1630 aione,
870 1592 981 1629 miser,
1008 1591 1069 1621 tibi
1087 1591 1191 1622 veluti
1219 1593 1350 1631 conspi-

735 1647 798 1668 cuo
815 1648 853 1669 ac
878 1647 1006 1668 summo
1023 1637 1150 1668 doctori
1166 1637 1244 1667 talis
1267 1647 1348 1669 cura

735 1685 961 1723 committitur,
1001 1687 1037 1714 ut
1075 1684 1186 1715 obstes
1225 1684 1347 1715 ictibus

734 1733 800 1761 tam
823 1731 958 1761 violenti
985 1731 1150 1769 torrentis,
1178 1733 1212 1760 et
1233 1734 1347 1761 contra

734 1777 821 1808 hunc
838 1778 1025 1807 inolitorum
1042 1777 1203 1808 scelerum
1221 1776 1345 1817 funem,

734 1833 793 1862 per
822 1827 870 1854 tot
907 1833 1067 1854 annorum
1098 1824 1208 1862 spatia
1246 1823 1345 1853 inter-

733 1874 829 1909 rupte
844 1871 978 1909 lateqne
1002 1873 1216 1909 protractum,
1233 1879 1344 1900 serves

732 1917 922 1956 depositum
953 1917 1013 1947 tibi
1053 1916 1238 1946 creditum?
1290 1916 1344 1953 Iit,

732 1968 856 2003 taceas,
883 1963 1031 2002 alioquin
1058 1962 1119 1993 hoc
1147 1967 1197 1993 est
1216 1963 1343 1993 dixisse

732 2011 823 2050 pedi,
850 2010 1046 2049 speculare;
1079 2013 1112 2039 et
1145 2009 1271 2047 manni,
1294 2008 1344 2039 fa-

731 2061 811 2088 tere.
863 2057 975 2087 Habet
993 2056 1165 2086 Britannia
1188 2059 1343 2093 rectores,

732 2103 829 2134 habet
845 2103 1082 2142 speculatores.
1119 2102 1210 2134 Quid
1228 2107 1262 2132 tu
1281 2112 1343 2132 nu·

732 2150 841 2189 gando
858 2150 978 2180 mutire
995 2148 1166 2187 disponis?
1217 2148 1342 2187 Habet,

731 2196 878 2234 inquam,
895 2195 1005 2233 habet,
1029 2196 1056 2225 si
1075 2204 1138 2224 non
1157 2194 1255 2233 ultra,
1278 2204 1341 2224 non

730 2243 813 2273 citra
828 2251 1012 2272 numerum.
1062 2240 1126 2271 Sed
1143 2241 1224 2278 quia
1246 2241 1342 2270 incli-

731 2289 799 2318 nati
824 2291 915 2318 tanto
942 2287 1086 2326 pondere
1117 2290 1195 2316 sunt
1223 2287 1340 2325 pressi,

714 2334 854 2364 'idcirco
884 2334 1029 2372 spatium
1061 2332 1246 2370 respirandi
1277 2342 1340 2362 non

731 2380 862 2411 habent.
920 2378 1208 2417 I'raeoccupabant
1238 2378 1341 2417 igitur

731 2437 766 2457 se
797 2430 912 2456 mutuo
939 2426 1063 2456 talibus
1085 2425 1340 2463 objectionibus,

732 2473 783 2504 vel
807 2473 910 2503 multo
927 2472 978 2502 his
995 2470 1268 2510 mordacioribus,
1284 2481 1341 2501 ve-

714 2515 715 2538 *
731 2519 791 2549 luti
807 2519 1035 2549 condebitores
1046 2527 1164 2547 sensus
1180 2518 1256 2548 mei.
1293 2517 1339 2547 Hi

85 2569 190 2599 tonita
204 2571 312 2599 mente
334 2568 461 2607 saepius
477 2568 632 2605 volvens;
657 2569 697 2607 si,
714 2574 793 2613 {¹10ss
826 2575 939 2604 parvo,
971 2568 1007 2595 ut
1033 2564 1118 2601 dixi,
1148 2567 1341 2603 tempore—

732 2623 806 2643 cum
838 2613 981 2651 legerem
1006 2611 1158 2648 ‘tempus
1189 2620 1263 2639 esse
1294 2610 1342 2639 lo-

731 2658 854 2697 quendi
870 2662 902 2688 et
914 2657 1138 2688 tacendi’—et
1150 2656 1182 2685 in
1195 2655 1339 2694 quadarn

733 2716 770 2736 ac
789 2706 815 2735 si
833 2708 976 2743 angusta
987 2703 1113 2733 timoris
1125 2703 1253 2740 porticu
1271 2702 1343 2732 luc-

733 2754 897 2783 tabantur.
938 2749 1093 2781 obtinuit
1109 2749 1253 2787 vicitque
1271 2752 1343 2778 tan-

733 2800 806 2830 dem
836 2796 1017 2836 aliquando
1045 2794 1199 2833 creditor,
1215 2795 1249 2825 Si
1279 2804 1342 2824 nou

1042 2845 1059 2872 :3
1087 2850 1103 2871 12
1128 2843 1146 2871 2
