1891 3214
531 258 758 288 lussossu
792 257 962 287 cinna,
1325 248 1381 287 29

112 365 252 407 moris
278 365 499 419 penniger
519 378 601 406 ceu
623 364 805 406 volatus
838 369 1038 405 arrectas
1071 365 1272 404 omnium
1305 376 1382 416 pc-

113 438 268 474 netrat
298 445 448 482 aures,
478 431 763 486 jamjamque
796 431 1022 471 adventus
1040 437 1247 472 veterum
1279 430 1384 471 hos-

115 500 229 540 tium
251 499 503 540 volentium
534 499 717 552 penitus
751 503 897 539 totam
931 497 1096 547 delere,
1131 503 1175 538 et
1207 496 1385 537 inhabi-

116 571 216 607 tare
251 566 387 607 solito
423 579 548 607 more
584 579 612 606 a
646 565 734 605 fine
768 578 913 617 usque
948 564 1005 604 ad
1040 564 1283 605 terminum
1317 577 1385 604 re—

79 645 97 673 5
117 633 321 686 gionum.
392 632 701 685 Nequaquam
732 636 887 671 tamen
920 632 976 671 ob
1011 630 1095 671 hoc
1127 630 1387 683 proficiunt,

117 699 197 740 sed
229 699 482 752 comparati
495 698 719 752 jumentis
750 697 1086 750 insipientibus,
1118 697 1305 745 strictis,
1338 702 1389 736 ut

117 765 299 815 dicitur,
345 765 572 806 morsibus
609 764 800 805 rationis
838 763 1031 803 fraenum
1079 763 1389 812 obfirmantes,

118 845 200 885 per
217 831 361 872 latam
382 831 665 872 diversorum
686 830 901 871 vitiorum
931 830 1157 882 mortique
1189 829 1390 882 proclive

120 898 377 948 ducentem,
399 898 558 939 relicto
590 897 782 938 salutari
812 897 917 937 licet
942 902 1068 937 arcto
1097 896 1276 945 itinere,
1298 896 1390 935 dis—

60 977 103 1006 10
121 965 366 1006 currebant
406 965 542 1005 viam.
616 965 738 1005 Dum
782 976 908 1015 ergo,
959 969 1009 1003 ut
1054 962 1270 1003 Solomon
1311 962 1391 1011 ait,

121 1031 292 1073 Servus
334 1031 474 1072 durus
517 1044 609 1071 non
651 1029 921 1071 emendatur
967 1030 1134 1078 verbis,
1186 1028 1391 1081 flagella-

122 1104 199 1139 tur
230 1098 400 1139 stultus
454 1103 500 1138 et
542 1110 634 1138 non
680 1097 836 1145 sentit,
881 1095 1099 1149 pestifera
1143 1095 1241 1136 lues
1274 1095 1391 1135 fera-

121 1164 227 1206 liter
266 1165 503 1217 insipienti
539 1163 710 1217 populo
760 1163 983 1212 incubuit,
1026 1175 1128 1215 quae
1172 1162 1219 1202 in
1265 1162 1392 1202 brevi

124 1236 328 1285 tempore
359 1236 537 1272 tantam
568 1230 668 1284 ejus
701 1229 1057 1278 multitudinem,
1088 1234 1263 1269 remoto
1294 1242 1392 1268 mu-

65 1307 106 1335 15
125 1311 277 1348 crone,
309 1298 488 1347 sternit,
510 1302 731 1350 quantam
764 1309 820 1336 ne
852 1300 1040 1348 possent
1062 1295 1156 1335 vivi
1188 1294 1391 1335 humare.

125 1364 216 1406 Sed
251 1377 309 1405 ne
339 1364 426 1405 hac
457 1363 639 1417 quidem
672 1361 987 1411 emendantur,
1018 1366 1070 1401 ut
1099 1361 1212 1401 illud
1241 1361 1392 1401 Esaiae

125 1430 363 1485 prophetae
390 1431 438 1471 in
479 1443 532 1471 eo
574 1441 753 1482 quoque
794 1428 963 1482 populo
1002 1427 1282 1480 impleretur,
1325 1427 1393 1467 di-

127 1498 289 1546 centis,
336 1497 398 1538 Et
428 1497 613 1537 vocavit
644 1496 771 1536 Deus
803 1495 1022 1548 populum
1064 1494 1121 1534 ad
1156 1494 1392 1547 planctum

128 1570 175 1605 et
206 1564 263 1604 ad
295 1563 546 1612 calvitium,
568 1569 612 1603 et
647 1562 704 1602 ad
735 1561 968 1614 cingulum
990 1560 1138 1601 sacci:
1173 1574 1277 1601 ecce
1300 1574 1393 1600 coe-

68 1645 111 1675 20
129 1636 296 1684 perunt
316 1630 485 1671 vitulos
524 1628 729 1670 occidere
760 1633 805 1669 et
830 1628 1046 1682 jugulare
1079 1628 1260 1676 arietes,
1293 1639 1396 1668 ecce

130 1697 406 1738 manducare
439 1702 484 1737 et
510 1697 662 1736 bibere
697 1700 742 1736 et
775 1694 950 1735 dicere:
987 1693 1320 1734 Manducemus
1352 1698 1397 1734 et

129 1764 354 1813 bibamus,
375 1776 477 1804 cras
510 1763 630 1803 enim
651 1761 910 1803 moriemur.
980 1760 1397 1813 Appropinquabat

130 1830 355 1883 siquidem
387 1835 583 1883 tempus,
620 1842 710 1882 quo
754 1827 852 1882 ejus
889 1827 1171 1880 iniquitates,
1208 1833 1257 1867 ut
1289 1826 1396 1866 olim

133 1895 522 1946 Amorrhaeorum,
562 1895 912 1948 complerentur.
1002 1893 1154 1934 Initur
1202 1906 1398 1946 namque

72 1972 113 2001 25
133 1963 388 2013 consilium,
407 1962 515 2017 quid
536 1963 757 2015 optimum
780 1960 945 2013 quidve
959 1960 1320 2008 saluberrimum,
1341 1959 1397 2000 ad

132 2029 418 2083 repellendas
441 2035 535 2070 tam
567 2029 748 2069 crebras
780 2032 825 2068 et
846 2032 938 2068 tam
970 2026 1134 2067 ferales
1165 2026 1400 2079 supradic-

134 2100 285 2137 tarum
319 2097 522 2149 gentium
567 2095 843 2148 irruptiones
895 2093 1181 2146 praedasque,
1219 2093 1401 2134 decerni

134 2163 287 2216 potius
307 2163 505 2203 deberet.

183 2292 196 2312 ‘⁸'
215 2291 399 2337 Hostium]
429 2295 489 2323 Om
519 2294 562 2323 B.
769 2301 771 2317 ⁴
837 2288 859 2307 ¹⁴
879 2286 1061 2333 JJucmne]
1089 2291 1258 2329 Hostium,
1287 2290 1329 2320 A.
1355 2289 1403 2318 in-

183 2339 196 2359 3
215 2341 354 2381 Totam]
383 2341 455 2371 Om.
475 2341 517 2370 B.
545 2340 581 2370 Γ.
788 2336 895 2366 terlin.

184 2387 197 2406 ⁴
209 2383 419 2430 Regionum]
434 2386 488 2423 .4.;
507 2386 754 2425 regionemque,
836 2381 858 2399 ¹³
879 2379 1073 2425 Quantam]
1101 2383 1285 2419 Quantum,
1297 2382 1338 2412 A.

141 2435 206 2472 B.;
230 2435 410 2474 regionem,
433 2433 471 2463 Γ.
837 2427 860 2446 ¹⁵
881 2429 1043 2469 Possem]
1072 2429 1218 2467 Possint,
1236 2430 1278 2460 .-1.
1304 2429 1340 2459 Γ.

185 2479 198 2498 ⁵
218 2480 268 2511 ob
284 2477 371 2523 hcm]
397 2479 452 2510 Ad
470 2479 543 2517 hoc,
567 2478 604 2508 Γ.
771 2501 773 2506 ⁴
837 2473 861 2492 ¹⁶
879 2475 1015 2515 Esaiam]
1041 2476 1122 2506 xxii.
1141 2479 1193 2506 12.

185 2525 199 2545 ⁶
220 2527 266 2558 Ut
280 2521 431 2570 dicitur]
457 2526 500 2556 B.
515 2536 522 2563 ;
540 2535 599 2555 om.
620 2524 662 2555 A.
772 2518 773 2533 ¹
837 2519 861 2541 17
879 2518 956 2564 Em]
986 2522 1071 2558 Hoc,
1089 2522 1130 2552 A.

189 2571 214 2592 ¹⁰
231 2569 407 2617 Salomon]
433 2573 534 2603 Prov.
552 2572 645 2602 xxix.
667 2573 716 2600 10.
772 2597 777 2604 ,
836 2566 862 2586 ²³
881 2568 988 2608 Ejus]
1018 2569 1151 2607 Populi,
1170 2568 1211 2598 A.
1231 2567 1372 2598 interlin.

189 2617 214 2638 ¹²
244 2615 436 2662 Pestifera]
473 2618 640 2649 Pestifera
666 2627 755 2647 nam-
837 2612 1402 2654 2⁸12epellemla.s·.]Rufi-llendasdi.

141 2677 219 2706 que,
237 2666 278 2698 Α,
772 2684 775 2694 Α
837 2659 863 2681 ‘27
883 2661 1064 2701 Gentium]
1083 2662 1266 2691 Scottorum
1281 2664 1312 2691 et
1329 2661 1405 2691 Pic-

190 2711 215 2731 ¹³
234 2712 412 2753 Incubuit]
438 2711 618 2747 Incumbit,
644 2710 679 2740 V.
772 2699 775 2734 Ι
791 2712 910 2745 torum,
929 2708 969 2737 A.
989 2717 1091 2744 marg.

192 2758 215 2778 ¹⁴
233 2759 411 2800 Tempore]
441 2760 512 2789 Om.
533 2759 575 2788 B.
596 2758 633 2788 V.
774 2775 775 2788 η
838 2753 863 2772 ²⁶⁴
883 2750 1026 2797 Potina]
1056 2756 1128 2784 0111.
1154 2753 1191 2784 1⁷.
