1907 3214
466 239 523 280 78
885 253 1111 284 EPlSTOLA
1146 255 1317 285 sitnm.

466 360 799 409 cornutamque
819 356 982 399 faciem
1003 365 1192 413 aspectu
1219 361 1465 404 incredulis
1496 364 1745 407 inhabilem

467 427 513 463 et
535 422 808 463 horrendam
831 426 1007 478 tropico
1040 440 1194 477 sensu,
1216 434 1268 469 ut
1289 429 1495 484 Moyses,
1518 433 1743 475 advexit?

469 488 586 539 Quis
618 503 776 530 eorum
798 504 881 544 pro
911 494 1113 546 peccatis
1144 496 1304 549 populi
1335 511 1534 539 exorans
1565 500 1657 542 imo
1689 501 1745 542 de

467 561 652 609 pectore
674 558 907 609 clamavit,
930 566 982 602 ut
1013 560 1127 615 ipse,
1152 563 1366 615 Domine,
1388 566 1617 619 inquiens,
1639 581 1744 622 pec-

468 624 592 665 cavit
627 625 825 679 populus
860 627 948 668 iste
976 634 1218 682 peccatum
1239 633 1429 684 grande,
1453 634 1574 687 quod
1607 635 1647 675 si
1677 635 1745 676 di·
1786 645 1804 672 5

468 691 613 732 mittis
635 693 716 743 eis,
740 693 918 736 dimitte
936 709 945 746 ;
980 696 1185 750 alioquin
1207 698 1307 739 dele
1328 713 1399 740 me
1422 700 1477 741 de
1496 701 1612 743 libro
1635 704 1744 744 tuo?

538 758 560 812 ξ
591 759 663 801 70.
698 759 816 810 Quis
849 762 946 803 zelo
981 763 1071 805 Dei
1101 777 1322 806 accensus
1354 768 1553 810 mirabili
1586 770 1643 811 ad
1675 770 1746 811 ul—

468 825 641 866 tionem
660 826 976 870 fornicationis
997 831 1096 871 sine
1117 832 1338 875 dilatione
1365 837 1573 878 sanando
1595 838 1745 890 poeni-

468 893 626 933 tentiae
647 894 947 937 medicamine
979 899 1128 951 stupri
1149 899 1377 951 affectum,
1399 916 1456 944 ne
1474 903 1544 945 ira
1574 905 1746 958 populo

467 959 793 1011 inardesceret,
828 962 948 1004 sicut
970 964 1170 1007 Phinees
1201 968 1431 1019 sacerdos,
1462 976 1515 1012 ut
1548 984 1630 1024 per
1660 971 1746 1013 hoc
1764 985 1806 1013 10

467 1026 515 1066 in
549 1040 650 1069 aevo
682 1034 976 1082 reputaretur
1006 1032 1073 1072 illi
1099 1033 1300 1087 justitia,
1338 1041 1525 1079 strenue
1556 1051 1745 1080 consur-

468 1095 622 1136 rexit?
696 1095 813 1146 Quis
841 1111 950 1139 vero
984 1112 1142 1141 eorum
1176 1103 1249 1143 vel
1281 1103 1329 1143 in
1361 1106 1756 1159 exstirpationem·

468 1174 613 1214 usque
645 1162 702 1203 ad
733 1164 1092 1207 internecionem
1124 1169 1180 1209 de
1210 1174 1334 1211 terra
1355 1171 1745 1225 Repromissionis

468 1234 645 1282 septem
668 1231 874 1283 gentium
896 1234 1060 1274 morali
1095 1236 1418 1290 intelligentia,
1439 1240 1513 1281 vel
1544 1241 1602 1282 ad
1637 1254 1745 1282 con-

469 1297 799 1338 stabilitionem
848 1300 1101 1353 spiritualis
1144 1303 1291 1346 Israel
1330 1319 1414 1359 pro
1459 1307 1539 1357 eis,
1582 1307 1745 1349 Jesum
1766 1321 1805 1348 15

471 1362 607 1404 Nave
647 1364 854 1406 imitatus
899 1370 1000 1409 est?
1086 1369 1202 1420 Quis
1247 1386 1404 1413 eorum
1447 1375 1618 1428 populo
1657 1377 1747 1417 Dei

469 1430 630 1471 finales
656 1433 876 1474 terminos
908 1439 1037 1476 trans
1060 1436 1090 1477 J
1096 1438 1329 1490 ordanem,
1350 1445 1402 1481 ut
1423 1442 1618 1483 sciretur
1639 1444 1747 1497 quid

469 1498 634 1552 cuique
665 1499 803 1540 tribui
837 1503 1099 1554 conveniat,
1122 1506 1241 1547 sicut
1274 1508 1527 1561 supradicti
1548 1509 1747 1552 Phinees

469 1565 645 1607 scilicet
694 1572 740 1607 et
779 1566 809 1607 J
815 1581 920 1609 esus
971 1572 1200 1624 sagaciter
1250 1574 1461 1626 divisere,
1513 1578 1746 1620 ostendit?

471 1631 605 1682 Quis,
636 1638 685 1673 ut
716 1633 1084 1679 adversariorum
1112 1640 1235 1693 plebi
1257 1641 1347 1683 Dei
1370 1644 1612 1686 innumera
1641 1659 1747 1700 pro·
1765 1660 1807 1690 20

469 1704 694 1742 sterneret
713 1703 918 1754 gentium
940 1706 1099 1757 millia,
1125 1708 1305 1750 unicam
1329 1710 1484 1761 filiam,
1506 1726 1610 1766 quae
1642 1727 1747 1767 pro-

468 1766 570 1820 pria
593 1768 809 1821 voluptas
830 1771 1120 1826 intelligitur,
1142 1775 1327 1818 imitans
1350 1783 1396 1820 et
1417 1779 1464 1819 in
1485 1779 1571 1821 hoc
1597 1779 1747 1834 Apos-

469 1834 615 1875 tolum
638 1835 880 1888 dicentem,
904 1839 1012 1881 Non
1028 1854 1239 1895 quaerens
1258 1845 1380 1898 quod
1402 1846 1512 1887 mihi
1530 1847 1642 1888 utile
1662 1854 1748 1898 est,

469 1901 549 1942 sed
570 1902 691 1955 quod
713 1905 886 1956 multis,
908 1912 960 1948 ut
980 1909 1098 1950 salvi
1119 1910 1582 1961 fiant,—obviantem
1603 1915 1749 1957 victo-

469 1968 594 2009 ribus
626 1982 729 2010 cum
760 1975 992 2026 tympanis
1028 1981 1074 2016 et
1097 1977 1263 2028 choris,
1295 1980 1341 2020 id
1378 1986 1463 2031 est,
1486 1983 1748 2025 carnalibus
1766 1997 1807 2026 25

469 2035 721 2086 desideriis,
757 2037 804 2078 in
844 2041 1117 2083 sacrificium
1149 2046 1318 2087 votivae
1361 2048 1652 2101 placationis,
1697 2056 1749 2092 ut

469 2101 498 2142 J
504 2102 656 2155 epthe,
679 2107 935 2148 mactavit?
1009 2109 1125 2160 Quis
1158 2125 1313 2153 eorum
1336 2115 1392 2156 ad
1414 2117 1748 2169 conturbanda,

468 2169 688 2222 fuganda,
710 2175 1049 2229 sternendaque
1076 2181 1376 2232 superbarum
1409 2184 1616 2236 gentium
1648 2198 1748 2226 cas-

468 2241 542 2278 tra
572 2240 779 2294 mysterii
813 2241 1073 2295 Trinitatis,
1116 2251 1168 2287 ut
1207 2261 1348 2302 supra
1389 2250 1605 2303 diximus,
1646 2266 1749 2294 cum

467 2304 658 2357 lagenas
681 2307 792 2348 viris
814 2311 1076 2353 tenentibus
1110 2316 1320 2369 egregias
1352 2317 1399 2358 in
1434 2320 1646 2361 manibus
1674 2334 1748 2362 so-
1770 2338 1810 2367 30

468 2377 725 2427 nantesque
765 2377 916 2428 tubas,
960 2379 1005 2420 id
1038 2386 1109 2422 est
1140 2383 1433 2436 propheticos
1475 2391 1522 2428 et
1561 2393 1749 2442 aposto-

516 2556 527 2573 ⁴
546 2560 727 2603 Inquiemu]
757 2564 865 2597 Exod.
887 2569 994 2599 xxxii.
1015 2572 1044 2600 3.
1111 2572 1113 2601 Ι
1176 2570 1203 2591 ²⁰
1220 2574 1474 2618 Prosterneret.]
1504 2579 1575 2611 Om.
1594 2580 1638 2611 B.

514 2602 527 2621 ⁷
548 2605 663 2652 Qum]
690 2610 729 2641 Γ.
758 2611 834 2643 here
860 2624 978 2653 passos
1000 2628 1041 2647 011
1061 2617 1112 2650 tol
1176 2618 1201 2637 ²³
1220 2622 1293 2652 Non
1310 2620 1482 2668 quomens]
1510 2628 1525 2655 1
1547 2626 1626 2658 Cor.
1644 2639 1678 2659 x.
1695 2633 1749 2662 33.

469 2661 505 2691 p.
524 2656 577 2691 Sl,
594 2655 615 2686 l.
635 2658 687 2687 31.
1109 2671 1111 2712 l
1177 2665 1201 2682 ²²⁸
1221 2668 1379 2707 Fugamla
1400 2694 1407 2702 .
1436 2694 1443 2702 .
1475 2695 1482 2703 .
1510 2675 1747 2718 superharmn.]

516 2698 528 2715 ⁰
546 2701 789 2746 medicamina]
830 2707 1004 2740 Medicum
1047 2715 1093 2752 et,
1108 2716 1110 2728 ¹
1130 2714 1360 2754 Fuganrlaquc
1378 2719 1611 2761 superbarum,
1629 2723 1674 2754 B.

469 2745 513 2776 R.
1176 2758 1201 2777 ²¹⁹
1218 2761 1403 2808 Mys-teria]
1432 2766 1710 2811 Myste1·iun1,'B.

518 2791 542 2808 ¹⁸
561 2795 712 2838 Camena]
738 2799 816 2839 Cui,
838 2801 878 2833 Β.
