1891 3214
570 271 800 302 ErisroLA
833 273 1005 303 Ginniss.
1372 265 1429 304 75

151 375 321 430 pioque
353 376 451 429 regi
482 377 665 430 ingesta
694 376 873 428 suisset,
906 378 1064 419 eadem
1096 391 1318 432 responsa
1353 392 1429 420 ac-

155 443 385 496 cepissent
415 457 518 497 quae
551 445 608 484 ab
632 442 860 497 Apostolo
883 450 1044 486 auctor
1072 446 1333 487 eorumdem
1359 446 1429 487 Si-

132 511 262 550 'mon
284 509 455 562 Magus
487 511 679 564 accepit,
712 512 891 553 dicente
921 512 1080 562 Petro,
1115 512 1320 554 Pecunia
1351 519 1433 555 tua

157 582 309 618 tecum
343 578 404 618 sit
436 578 483 617 in
522 578 838 631 perditionem.
910 579 998 620 Sed
1032 579 1148 620 forte
1185 580 1289 630 heu,
1324 582 1433 634 quia

119 644 404 684 sambitores
443 644 558 685 istos
603 645 993 695 ordinant,——imo
1049 647 1201 699 potius
1250 648 1431 688 humili-

159 715 256 760 ant,
289 715 428 764 atque
459 724 542 764 pro
569 711 887 752 benedictione
918 712 1213 762 maledicunt,
1246 714 1352 754 dum
1374 727 1432 755 ex

158 778 477 831 peccatoribus
498 791 592 819 non
613 779 908 832 poenitentes,
931 779 1053 833 quod
1075 781 1244 820 rectius
1267 780 1432 831 fuerat,

160 844 240 885 sed
275 845 526 898 sacrilegos
562 850 608 886 et
642 845 908 899 desperatos
949 846 1140 896 faciunt,
1177 852 1221 888 et
1261 847 1433 888 Judam

161 911 497 965 quodammodo
539 912 587 952 in
630 912 758 953 Petri
797 913 1015 954 cathedra
1055 914 1244 955 Domini
1290 915 1432 956 tradi—

99 983 323 1029 lotorem,
359 992 412 1020 ac
448 978 694 1020 Nicolaum
731 979 779 1019 in
814 980 916 1021 loco
955 980 1178 1034 Stephani
1218 982 1433 1035 martyris

161 1051 390 1095 statuunt,
437 1046 683 1087 immundae
724 1046 941 1088 haeresios
987 1047 1435 1098 adinventorem,—

161 1113 321 1154 eodem
363 1113 498 1154 modo
545 1113 802 1154 sacerdotio
849 1113 1014 1154 adsciti
1053 1120 1186 1165 sunt3
1233 1120 1278 1155 et
1331 1115 1434 1155 ideo

161 1192 255 1221 non
303 1192 581 1233 magnopere
631 1180 919 1221 detestantur
960 1181 1009 1220 in
1060 1181 1181 1230 filiis,
1233 1182 1435 1234 quinimo

162 1252 457 1297 venerantur,
497 1246 618 1301 quod
660 1247 867 1289 similiter
908 1252 960 1288 ut
997 1248 1205 1301 patribus
1244 1248 1436 1289 subinde

102 1324 142 1354 15
162 1314 343 1355 venisse
374 1314 677 1355 certissimum
709 1319 793 1355 est.
864 1314 1048 1355 Etenim
1080 1328 1174 1364 eOS,
1207 1315 1245 1354 si
1275 1315 1322 1355 in
1353 1328 1435 1368 pa-

162 1381 382 1431 rochiam,
433 1381 752 1421 resistentibus
801 1380 887 1421 sibi
941 1386 986 1421 et
1041 1386 1134 1421 tam
1185 1382 1435 1434 pretiosum

165 1453 395 1502 quaestum
446 1447 778 1501 denegantibus
833 1460 990 1488 severe
1037 1449 1434 1499 commessoribus,

163 1514 427 1569 hujusmodi
447 1514 745 1567 margaritam
766 1514 972 1555 invenire
993 1527 1085 1555 non
1102 1515 1295 1568 possint,
1318 1529 1435 1569 prae-

165 1582 315 1622 missis
348 1586 455 1622 ante
478 1581 654 1622 solicite
676 1581 870 1630 nunciis,
901 1582 1254 1634 transnavigare
1275 1583 1436 1633 maria,

105 1662 147 1692 20
165 1654 402 1702 terrasque
415 1649 644 1702 spatiosas
658 1654 940 1689 transmeare
954 1654 1148 1689 nontam
1163 1649 1288 1701 piget
1299 1663 1436 1702 quam

166 1716 380 1765 delectat,
420 1721 472 1756 ut
507 1716 692 1757 omnino
734 1715 840 1755 talis
874 1716 1048 1768 species
1081 1716 1435 1768 inaequiparabi-

165 1783 313 1836 lisque
340 1782 649 1837 pulchritudo,
682 1787 742 1831 et,
775 1787 825 1822 ut
848 1795 1005 1822 verum
1026 1782 1190 1831 dicam,
1212 1782 1439 1824 diabolica

165 1849 334 1899 illusio,
369 1850 443 1891 vel
477 1850 675 1890 venditis
712 1849 920 1889 omnibus
946 1849 1104 1901 copiis,
1133 1854 1438 1902 comparetur.

168 1916 290 1958 Dein
311 1929 414 1958 cum
434 1929 602 1969 magno
635 1921 860 1969 apparatu
888 1928 1148 1968 magnaque
1179 1915 1439 1969 phantasia,

105 1996 147 2025 25
168 1984 242 2025 vel
254 1983 408 2038 potius
424 1984 620 2033 insania,
644 1982 915 2036 repedantes
934 1982 989 2022 ad
1015 1982 1226 2034 patriam,
1245 1996 1302 2023 ex
1317 1996 1439 2024 erec-

215 2142 226 2162 ¹
250 2144 414 2184 Ingesta.]
432 2144 580 2183 Ingeste,
599 2144 643 2175 B,
802 2139 804 2179 ᾖ
823 2142 1053 2182 promiscuous
1070 2151 1129 2171 use
1147 2141 1185 2171 of
1196 2152 1335 2173 women.

215 2189 229 2209 ³
252 2190 416 2230 Accepit]
438 2192 509 2222 Om.
529 2191 606 2221 MS.
802 2195 805 2216 ι
871 2187 892 2206 ¹1
919 2188 1104 2228 hinniunt]
1125 2189 1276 2227 Faciunt,
1296 2189 1338 2220 R.

217 2236 229 2254 ³
252 2236 382 2277 Petra]
404 2238 476 2268 Om.
500 2238 538 2269 Γ.
874 2233 895 2253 ¹¹
921 2235 1201 2275 A‹li111·entore1n.]
1231 2235 1442 2276 Adjutorem‚

217 2282 230 2301 ³
254 2283 428 2324 Pecunia]
446 2284 523 2315 Act.
541 2283 610 2314 viii.
628 2285 681 2313 20.
829 2282 867 2313 1⁷.

218 2328 231 2351 7
256 2330 408 2370 Fuerat.]
428 2330 572 2368 Fuisset,
596 2330 633 2360 Γ.
804 2323 805 2339 ¹
872 2326 896 2346 ¹²
920 2328 965 2357 Et
999 2329 1066 2358 ideo
1109 2352 1115 2359 .
1137 2352 1143 2359 .
1164 2352 1171 2359 .
1212 2329 1440 2369 detestantur]

219 2375 245 2395 ¹⁰
269 2377 469 2417 Nicolaum]
503 2376 679 2414 Nicolaus,
710 2385 788 2414 sup-
827 2376 898 2405 Om.
919 2375 961 2405 R.

171 2424 276 2464 posed
302 2423 346 2462 by
371 2433 460 2454 some
487 2427 520 2453 to
548 2425 588 2454 be
607 2433 668 2453 one
685 2422 721 2452 os
733 2422 788 2452 the
873 2420 895 2437 ¹⁴
926 2421 998 2461 su]
1021 2422 1093 2452 Οηι.
1120 2421 1157 2452 Γ.

172 2481 272 2502 seven
290 2470 538 2509 Deacons‚was
555 2470 609 2500 the
621 2468 741 2499 author
757 2468 793 2499 of
872 2466 896 2486 ¹⁴
921 2468 1065 2499 Subinde
1093 2464 1245 2511 venisse]
1275 2468 1344 2499 Sibi
1366 2479 1441 2499 eve-

172 2518 228 2549 the
245 2521 315 2549 sect
331 2517 367 2547 of
375 2516 428 2547 the
442 2516 620 2546 Νικολαϊτα,
637 2515 746 2546 which
761 2517 789 2545 is
824 2515 925 2553 nisse,
950 2516 986 2545 Γ.

172 2564 362 2596 mentioned
387 2564 421 2594 in
449 2564 555 2601 Apoc.
578 2563 612 2593 ii.
637 2566 668 2594 6.
722 2562 807 2601 His¹
874 2561 897 2578 ¹⁵
922 2558 991 2604 812]
1015 2563 1086 2592 Om.
1107 2562 1150 2593 B.

172 2621 280 2643 errors
307 2620 363 2642 are
388 2610 549 2641 recorded
572 2610 615 2648 by
642 2609 807 2648 Epipha-'
875 2607 898 2625 ¹⁵
936 2609 1142 2646 Pin-ochinm,
1183 2605 1438 2651 resistentibus]

172 2659 262 2698 nius,
316 2657 522 2697 Augustino,
577 2657 643 2686 and
697 2656 790 2686 other
808 2661 809 2668 ¹
829 2655 1184 2695 Paret-hia,11011nullis
1197 2656 1442 2695 resistentibus,

172 2706 304 2736 writers
334 2714 425 2744 upon
450 2704 617 2741 heresies3
649 2703 713 2733 and
743 2707 809 2733 r(¹-l
834 2703 870 2733 Γ.

175 2751 306 2783 fei-enee
322 2752 350 2782 is
363 2760 452 2782 more
464 2750 683 2790 particularly
694 2750 790 2780 made
809 2785 811 2791 Ι
875 2746 900 2766 ¹5
927 2744 1030 2791 xum]
1054 2750 1127 2779 οηι.
1149 2749 1190 2779 R.

173 2799 206 2829 in
223 2798 278 2830 the
294 2801 365 2830 text
388 2802 421 2829 to
439 2797 490 2829 his
514 2797 664 2829 doctrine
687 2797 724 2827 of
737 2797 790 2827 tho
810 2800 811 2806 ¹
874 2793 899 2811 ‘²⁴²
923 2795 1122 2836 mahazian]
1142 2795 1313 2835 Zabolica,
1338 2795 1375 2825 V.
1399 2795 1442 2826 B.
