1891 3214
193 775 375 805 INCIPIT
423 774 564 804 LIBER
599 775 861 812 QUERULUS
907 776 1079 805 SANCTI
1116 776 1273 805 GlLDAE
1317 776 1396 806 SA-

126 852 314 882 PIENTIS
347 853 409 882 DE
442 852 643 882 EXCIDIO
686 853 984 892 BRITANNIAE,
1018 854 1080 883 DE
1127 854 1398 883 CALAMITA-

123 930 266 960 TIBUS
299 931 356 960 ET
391 930 913 961 PRAEVARICATIONIBUS
954 931 1068 961 EJL’S
1108 932 1297 970 CIVIUM,
1339 932 1399 960 DE

127 1007 469 1038 EXSULATIONE
494 1008 765 1047 BRITONUM,
800 1008 857 1037 ET
888 1009 1038 1039 DURIS
1066 1009 1399 1039 OPPRESSIONI-

127 1086 216 1117 BUS
264 1086 449 1125 EORUM,
485 1086 541 1115 ET
575 1086 711 1123 QUAM
747 1086 928 1116 DOLOSE
961 1086 1150 1116 ROMANI
1191 1087 1273 1116 EOS
1307 1087 1397 1116 SIBI

127 1163 448 1202 SUBEGERINT,
483 1163 540 1192 ET
574 1163 711 1201 QUAM
758 1163 1014 1193 BELLICOSE
1048 1164 1166 1193 IPSIS
1200 1164 1400 1194 DIUTIES

128 1240 481 1271 RESTITERINT:
533 1242 590 1270 ET
635 1242 865 1278 QUOMODO
912 1241 1101 1271 ROMANI
1152 1241 1401 1271 POSTREMO

129 1318 203 1348 EIS
248 1318 548 1348 PRAEPOSITOS
582 1319 874 1349 VECTIGALES
920 1319 1283 1357 PRAEFECERINT,
1322 1320 1401 1348 ITA

130 1396 194 1427 UT
225 1396 323 1426 NON
358 1397 628 1427 BRITANNIA
662 1397 748 1426 SED
795 1396 999 1426 ROMANA
1040 1396 1217 1426 [NSLTLA
1257 1397 1400 1426 VOCA-

131 1473 313 1513 RETUR,
360 1474 417 1503 ET
468 1473 617 1503 OMNIS
664 1474 861 1504 MONETA
895 1474 1034 1512 AURI,
1070 1473 1300 1512 ΑΒΟΕΝΤΙ,
1346 1474 1403 1503 ET

130 1549 253 1580 AERIS
293 1550 501 1579 IMAGINE
533 1551 746 1581 CAESARIS
786 1551 1098 1589 NOTARETUR,
1145 1551 1240 1588 QL‘O
1282 1551 1403 1579 TEM-

132 1626 255 1657 PORE
287 1627 525 1657 CHRISTUS
560 1627 611 1656 IN
645 1628 861 1657 MUNDUM
898 1628 1124 1666 VENERIT,
1160 1628 1216 1657 ET
1246 1628 1403 1665 QUAN-

130 1705 191 1735 TA
227 1704 523 1735 PERSECUTIO
571 1705 796 1735 TEMPORE
832 1705 1144 1735 DIOCLETIANI
1192 1706 1403 1736 EMERSE-

133 1783 231 1822 RIT,
280 1783 520 1820 QUANTUM
568 1766 849 1813 MARTYRL'M
899 1783 1077 1813 GLORIA
1126 1784 1253 1813 TL‘NC
1300 1784 1403 1813 BRI-

130 1861 318 1891 TANNIA
363 1861 717 1900 EFFLORUERIT,
763 1861 1011 1899 QUALITER
1069 1860 1190 1890 GENS
1239 1861 1404 1891 BRITO-

131 1938 238 1969 NUM
272 1938 612 1969 IMPERATORES
649 1938 875 1968 ROMANOS
909 1938 1224 1968 ATTRIYERIT.

179 2121 189 2141 ¹
215 2116 366 2164 Incipit]
407 2121 489 2152 This
520 2121 591 2152 title
624 2122 651 2151 is
685 2121 831 2160 prefixed
866 2132 903 2151 as
939 2132 957 2151 a
991 2120 1116 2151 Rubric
1149 2124 1182 2149 10
1218 2120 1272 2151 the
1308 2121 1406 2151 Cam-

131 2169 249 2209 bridge
266 2169 340 2199 MS.
