1907 3214
240 759 406 791 Ephesians,

232 1692 383 1730 Tliessalo-

232 1733 324 1757 mans,

459 231 544 273 108
882 246 1109 276 Eius'mLA
1142 245 1314 275 GILDAE.

460 354 567 390 sunt
595 349 792 403 operarii
812 351 1009 400 subdoli,
1031 350 1415 402 transfigurantes
1443 362 1492 390 se
1511 350 1559 390 in
1580 348 1733 403 Apos-

459 417 578 457 tolos
623 416 808 457 Christi.
883 418 943 458 Et
982 431 1074 458 11011
1115 418 1306 467 miru1n3
1354 416 1451 469 ipse
1489 417 1609 456 enim
1649 417 1732 458 Sa-

458 483 624 523 thanas
659 484 959 536 transfigurat
1002 497 1050 524 se
1082 483 1130 523 in
1165 483 1381 536 angelum
1419 483 1550 524 lucis.
1624 483 1733 524 Non

456 556 526 591 est
547 563 765 602 magnum
786 551 928 603 igitur
947 551 985 591 si
1006 550 1203 590 ministri
1224 550 1324 604 ejus
1348 550 1734 603 transfigurentur

455 622 507 657 ut
546 617 700 669 angeli
732 617 946 671 justitiae,
988 630 1182 671 quorum
1218 617 1321 658 finis
1357 616 1444 658 erit
1483 616 1732 658 secundum
1772 627 1791 654 5

454 697 595 737 opera
614 697 786 724 eorum.

525 750 547 804 ᾗ
569 751 667 791 102.
689 750 931 791 Attendite
952 763 1134 804 quoque
1151 750 1258 803 quid
1276 750 1334 790 ad
1352 750 1577 803 Ephesios
1591 750 1730 792 dicat.

454 815 532 857 An
570 818 756 857 nescitis
788 830 871 858 vos
907 830 989 869 pro
1022 817 1108 858 hoc
1145 817 1192 857 in
1225 817 1379 870 aliquo
1413 830 1515 858 reos
1552 818 1729 858 teneri?

457 882 579 933 Hoc,
612 884 840 936 inquiens,
876 883 977 923 dico
1013 889 1059 924 et
1096 883 1318 924 testificor
1355 884 1402 923 in
1431 884 1648 933 Domino,
1679 890 1732 925 ut

448 949 548 1003 jam
598 963 690 991 non
737 950 979 991 ambuletis
1028 951 1148 991 sicut
1188 948 1364 991 Gentes
1403 951 1643 992 ambulant
1683 951 1729 991 in
1751 959 1791 988 10

454 1018 661 1058 vanitate
684 1030 845 1058 sensus
868 1017 954 1066 sui,
976 1018 1176 1057 tenebris
1194 1018 1488 1058 obscuratum
1510 1017 1730 1059 habentes

453 1084 753 1134 intellectum,
788 1084 975 1124 alienati
1007 1097 1034 1124 a
1062 1085 1138 1125 via
1169 1084 1273 1133 Dei,
1304 1098 1386 1137 per
1404 1085 1729 1137 ignorantiam,

453 1164 556 1204 quae
589 1156 658 1191 est
680 1152 727 1191 in
749 1151 855 1200 illis,
886 1156 1075 1204 propter
1105 1151 1360 1191 caecitatem
1385 1151 1534 1192 cordis
1556 1165 1728 1202 eorum,

452 1218 530 1270 qui
578 1218 874 1271 desperantes
921 1217 1192 1270 semetipsos
1238 1217 1527 1258 tradiderunt
1579 1219 1728 1272 impu-

451 1284 619 1325 dicitiae
652 1285 698 1324 in
721 1284 1033 1337 operationem
1055 1284 1202 1324 omnis
1221 1284 1522 1326 immunditiae
1543 1290 1589 1326 et
1616 1298 1727 1327 ava-
1748 1290 1787 1320 15

452 1351 585 1392 ritiae.
658 1351 719 1391 Et
769 1352 871 1404 quis
916 1356 1121 1391 vestrum
1173 1355 1337 1403 sponte
1382 1352 1639 1404 expleverit
1680 1353 1726 1393 id

452 1418 573 1471 quod
595 1419 818 1472 sequitur,
845 1418 1100 1471 Propterea
1121 1417 1262 1458 nolite
1282 1418 1379 1458 fieri
1397 1418 1726 1471 imprudenteS‚

451 1486 529 1525 sed
563 1486 875 1538 intelligentes
908 1498 1011 1538 quae
1037 1485 1097 1525 sit
1126 1484 1342 1526 voluntas
1372 1485 1477 1535 Dei,
1508 1490 1555 1526 et
1584 1486 1726 1528 nolite

449 1552 665 1593 inebriari
684 1553 807 1602 vino,
840 1553 887 1592 in
913 1565 1003 1605 quo
1035 1557 1104 1593 est
1134 1552 1344 1603 luxuria3
1378 1552 1457 1593 sed
1489 1553 1726 1607 replemini

449 1619 623 1672 Spiritu
647 1620 832 1661 Sancto.
1744 1628 1787 1656 20

518 1686 662 1741 §lo-3.
696 1687 784 1727 Sed
818 1691 863 1727 et
892 1685 1013 1739 quod
1044 1686 1101 1726 ad
1131 1686 1566 1727 Thessalonicenses
1599 1688 1725 1738 dicit,

450 1752 614 1807 Neque
647 1754 766 1794 enim
798 1754 965 1794 suimus
997 1753 1119 1806 apud
1151 1766 1233 1794 vos
1267 1753 1514 1806 aliquando
1550 1755 1597 1794 in
1629 1768 1724 1795 ser-

447 1834 581 1861 mone
608 1821 903 1870 adulationis,
932 1821 1051 1860 sicut
1076 1820 1219 1870 scitis,
1248 1833 1397 1874 neque
1417 1821 1464 1861 in
1485 1822 1724 1863 occasione

448 1888 672 1937 ἂνω-11133,
714 1902 797 1928 nec
837 1892 1096 1941 quaerentes
1137 1888 1194 1927 ab
1228 1886 1486 1928 hominibus
1519 1889 1723 1941 gloriari,

448 1967 595 2007 neque
643 1968 670 1994 a
710 1954 857 2003 vobis,
908 1967 1054 2006 neque
1095 1954 1152 1993 ab
1193 1953 1312 2003 aliis,
1351 1967 1454 1994 cum
1495 1956 1722 2007 possimus
1742 1961 1783 1989 25

448 2020 611 2061 honori
657 2034 773 2069 esse,
821 2026 870 2060 ut
918 2020 1057 2060 ceteri
1100 2018 1313 2072 Apostoli
1356 2020 1542 2062 Christi.
1633 2022 1723 2063 Sed

448 2087 557 2127 facti
591 2100 747 2127 sumus
780 2087 898 2127 sicut
928 2087 1109 2140 parvuli
1140 2087 1186 2126 in
1218 2086 1366 2127 medio
1398 2092 1617 2138 vestrum,
1649 2090 1723 2131 vel

448 2159 667 2207 tanquam
699 2155 737 2194 si
769 2154 927 2194 nutrix
960 2154 1113 2195 foveat
1143 2154 1362 2206 parvulos
1393 2167 1516 2205 SUOS,
1547 2156 1614 2196 ita
1644 2156 1721 2197 de-

446 2221 699 2262 siderantes
740 2234 823 2261 vos
865 2221 1027 2274 cupide
1069 2220 1336 2261 volebamus
1378 2222 1507 2263 vobis
1541 2223 1721 2264 tradere

446 2301 537 2327 non
569 2289 716 2329 solum
752 2288 1072 2341 Evangelium,
1112 2287 1190 2327 sed
1227 2288 1364 2328 etiam
1400 2289 1577 2329 animas
1613 2303 1720 2330 nos-
1741 2300 1783 2328 30

445 2360 556 2396 tras.
628 2356 677 2395 Si
704 2355 825 2395 hunc
857 2368 939 2396 vos
972 2353 1187 2408 Apostoli
1218 2356 1423 2396 retinetis
1442 2356 1490 2396 111
1509 2357 1719 2398 omnibus

445 2422 673 2472 ass'ectum,
699 2423 800 2476 ejus
832 2435 1013 2475 quoquc
1039 2421 1269 2462 cathedrae
1297 2422 1500 2474 legitime
1522 2423 1718 2465 insidere

444 2490 661 2529 noscatis.
734 2489 823 2529 Vel
857 2489 994 2529 ctiam
1035 2488 1155 2540 quod
1188 2489 1419 2540 sequitur3
1461 2489 1613 2539 Scitis,
1646 2491 1716 2530 in—

443 2556 558 2608 quit,
602 2570 703 2608 quae
744 2560 977 2608 praccepta
1023 2554 1223 2595 dederim
1268 2556 1413 2596 vobis.
1486 2555 1605 2596 Haec
1647 2562 1717 2598 est

488 2716 500 2734 ⁷
529 2718 709 2759 llplzcsiosu]
749 2719 874 2758 Ephcs.
913 2720 957 2749 iv.
997 2721 1034 2749 17
1051 2729 1059 2757 ;
1145 2716 1167 2734 ²¹
1196 2718 1516 2759 Thess-almeicona-cs]
1531 2721 1543 2749 l
1559 2719 1660 2751 Thes.
1678 2720 1713 2752 ii.

441 2774 472 2795 V.
494 2767 542 2795 17.
1098 2769 1116 2795 5
1133 2776 1141 2803 ;
1159 2765 1201 2795 iv,
1219 2768 1251 2805 2,
1268 2767 1297 2796 3.
