1907 3214
464 232 521 273 82
883 241 1108 272 ErisToLA
1145 241 1319 271 GlLDAE.

467 346 618 387 sancti
659 343 893 399 Apostoli,
937 345 1059 398 quod
1100 345 1267 397 dignus
1310 343 1494 385 habitus
1544 347 1615 384 est
1662 355 1746 396 pro

471 414 656 454 Christo
688 425 798 454 vero
836 412 937 452 Deo
975 412 1300 452 contumeliam
1332 411 1444 464 pati,
1477 415 1576 451 toto
1612 409 1748 450 corde

471 479 691 521 Trinitati
742 478 916 531 gratias
967 478 1100 531 egit?
1173 477 1290 528 Quis
1336 478 1394 518 ob
1436 476 1749 518 testimonium

472 559 630 588 verum
654 546 756 585 Deo
789 544 1024 585 ferendum
1057 544 1244 585 fullonis
1268 549 1399 586 vecte
1431 544 1616 584 cerebro
1647 555 1749 595 per-

473 625 651 661 CUSSUS‚
693 617 745 653 ut
779 611 984 653 ‚Iacobus
1021 612 1210 664 primus,
1251 611 1299 652 in
1342 610 1480 652 Novo
1520 610 1751 650 duntaxat

474 680 717 733 episcopus
733 678 1051 727 Testamento‚
1070 678 1371 731 corporaliter
1392 676 1599 719 interiit?
1634 675 1752 726 Quis

475 746 630 799 gladio
664 751 867 787 vestrum
908 746 965 786 ab
1005 744 1164 799 iniquo
1207 745 1428 798 principe,
1461 748 1513 784 ut
1546 743 1575 783 J
1582 743 1752 783 acobus

475 813 505 854 J
512 814 674 854 oannis
700 812 857 862 frater,
878 813 1028 865 capite
1050 824 1197 853 caesus
1229 813 1333 852 est?
1406 810 1538 861 Quis,
1562 815 1613 850 ut
1635 809 1751 849 Pro-

477 880 736 920 tominister
784 884 1051 932 martyrque
1107 878 1419 931 evangelicus,
1471 877 1557 918 hoc
1605 876 1753 916 solum

477 946 678 986 criminis
717 945 907 994 habens,
940 944 1061 998 quod
1084 945 1251 986 viderit
1285 945 1453 994 Deum,
1485 956 1620 997 quem
1652 956 1753 996 per-

478 1013 555 1053 fidi
589 1012 744 1053 videre
784 1012 1105 1065 nequiverant,
1136 1011 1346 1053 nefandis
1387 1010 1598 1051 manibus
1639 1009 1755 1062 lapi-

477 1080 614 1120 datus
646 1081 750 1120 est?
823 1078 939 1129 Quis
967 1079 1162 1120 inversis
1193 1078 1384 1131 pedibus
1416 1077 1563 1118 crucis
1592 1074 1757 1117 affixus

478 1160 561 1199 pro
592 1145 852 1187 reverentia
874 1144 1047 1185 Christi
1074 1145 1297 1198 patibulo,
1317 1158 1452 1198 quem
1485 1157 1576 1185 non
1608 1143 1758 1183 minus

479 1217 626 1253 morte
665 1226 804 1265 quam
838 1211 936 1252 vita
976 1212 1300 1262 honoraturus,
1341 1216 1394 1252 ut
1433 1210 1758 1252 clavicularius

479 1279 557 1320 ille
599 1280 821 1320 coelorum
855 1279 985 1331 regni
1018 1279 1226 1328 idoneus,
1269 1283 1524 1319 extremum
1564 1276 1758 1318 halitum

480 1346 632 1387 fudit?
706 1345 822 1396 Quis
844 1359 902 1386 ex
924 1345 1055 1387 vobis
1078 1345 1219 1398 gladii
1239 1345 1334 1386 ictu
1353 1344 1647 1387 veridicantis
1674 1356 1759 1396 pro

481 1413 770 1453 confessione
808 1411 980 1453 Christi
1020 1417 1126 1465 post
1157 1412 1344 1453 vincula
1385 1411 1597 1460 carceris,
1644 1422 1759 1451 nau-

482 1479 648 1532 fragia,
673 1492 879 1520 amarum
899 1480 1134 1532 virgarum
1167 1479 1354 1529 caedem,
1376 1483 1484 1533 post
1503 1477 1759 1526 fluminum,

481 1546 730 1595 latronum,
784 1546 1005 1598 gentium,
1056 1546 1086 1586 J
1092 1546 1344 1596 udaeorum,
1396 1545 1760 1599 pseudoaposto-

1775 954 1816 982 10

1779 1290 1818 1318 15

482 1613 647 1662 lorum,
680 1612 899 1653 continua
926 1613 1146 1666 pericula,
1169 1618 1274 1666 post
1305 1612 1455 1662 famis,
1488 1611 1672 1666 jejunii,
1691 1610 1760 1652 vi-
1779 1621 1822 1651 20

483 1679 697 1731 giliarum
743 1679 940 1729 labores,
988 1685 1093 1733 post
1143 1684 1378 1733 perpetem
1425 1678 1761 1720 solicitudinem

483 1746 684 1786 omnium
716 1746 1028 1795 ecclesiarum,
1065 1751 1170 1799 post
1211 1751 1376 1787 aestum
1409 1759 1492 1799 pro
1534 1744 1762 1786 scandali-

484 1813 710 1862 zantibus,
744 1817 850 1866 post
871 1813 1184 1853 infirmitatem
1207 1827 1290 1866 pro
1312 1812 1521 1862 infirmis,
1543 1816 1649 1866 post
1681 1810 1762 1852 ad-

532 1979 542 1999 ¹
564 1981 686 2021 Quod]
717 1982 789 2012 Om.
814 1981 853 2012 V.

532 2024 674 2070 2Ριιίι’.]
730 2028 768 2058 V.
800 2028 878 2057 here
917 2027 1106 2067 proceeds:

484 2073 595 2106 ‘Quis
622 2074 663 2103 (le
689 2074 782 2104 vobis
810 2074 914 2111 gladii
947 2075 1015 2105 ictu
1048 2085 1107 2113 pro

487 2121 695 2151 confossione
713 2121 852 2159 Christi,
875 2123 950 2160 post
973 2121 1108 2151 vincula

486 2167 655 2206 carceris,'
671 2170 748 2205 eto„
765 2168 786 2197 l.
806 2170 857 2198 16.

1190 1980 1212 1999 ¹¹
1229 1982 1410 2022 Lapidatus
1426 1982 1502 2022 θεὴ]
1527 1981 1605 2013 Aet.
1621 1982 1680 2013 vii.
1698 1985 1739 2013 58
1753 1991 1763 2022 ;

1155 2039 1159 2046 ·
1205 2032 1234 2056 ἴ.
1251 2052 1258 2059 .

1143 2028 1376 2104 βἰ.12)51)ιι·σ’νειᾎ«ς
1390 2073 1552 2115 pedibus]
1578 2074 1762 2114 Eusebius,

1145 2121 1190 2152 H.
1220 2122 1260 2152 E.
1290 2121 1325 2152 ii.
1347 2124 1401 2160 25,
1433 2121 1500 2152 and
1530 2121 1579 2152 iii.
1607 2124 1638 2160 l,
1664 2120 1761 2163 (edit.

1144 2168 1303 2199 Heinich.
1322 2168 1344 2198 i.
1362 2170 1438 2207 181,
1456 2166 1547 2209 185‚)
1560 2168 1696 2199 informs
1709 2177 1763 2208 us,

535 2212 547 2231 ⁵
564 2214 733 2254 dat-olma]
751 2214 832 2244 This
849 2216 992 2244 account
1007 2213 1044 2244 of
1053 2213 1107 2243 the

488 2261 690 2299 martyrdom
708 2261 745 2291 of
756 2262 884 2299 James,
896 2261 952 2291 the
967 2261 1109 2291 Brother

488 2307 526 2337 of
538 2318 599 2337 our
619 2307 773 2346 Saviour,
798 2308 826 2338 is
852 2308 924 2338 that
948 2307 1107 2338 recorded

490 2354 533 2392 by
560 2354 793 2393 Hegesippus,
825 2355 979 2385 Clemens
1004 2354 1109 2384 Alex-

488 2400 662 2439 andrinus,
680 2401 861 2439 Eusebius,
885 2401 1108 2440 1⁴31›ipliani11s·,

489 2447 553 2476 and
586 2448 721 2478 Jcrome
736 2458 744 2485 3
783 2458 803 2477 a
843 2447 1008 2486 disti-rent,
1051 2448 1109 2477 but

489 2502 578 2523 more
610 2494 768 2532 probablc
800 2494 927 2533 history
955 2495 982 2525 is
1011 2495 1109 2533 given

489 2539 533 2577 by
549 2540 733 2579 Josephus,
750 2550 808 2570 xx.
820 2544 851 2572 8.
903 2541 964 2571 Sco
982 2541 1108 2571 Eusob.

491 2585 538 2615 1-1.
556 2587 595 2618 Ε.
614 2586 648 2616 ii.
667 2590 720 2624 23,
738 2586 834 2628 (edit.
860 2587 1062 2626 Hciuichon,
1086 2588 1108 2618 i.

490 2631 581 2672 1030
599 2632 663 2662 and
678 2634 846 2672 Rasnagc,
864 2633 986 2665 Annal.
1006 2634 1108 2665 l'olit.

491 2679 583 2709 Eccl.
601 2679 693 2710 AJ).
707 2682 762 2717 00,
778 2680 794 2719 ᾧ
811 2682 841 2711 6.

536 2723 548 2742 7
564 2725 706 2757 ducebas
721 2727 747 2756 J
749 2726 861 2757 oannis
867 2723 1010 2770 statera]
1031 2725 1108 2757 Act.

490 2771 549 2801 xii.
569 2775 600 2802 2.

1143 2225 1232 2253 upon
1271 2215 1326 2245 the
1357 2215 1527 2254 authority
1558 2214 1596 2245 of
1623 2214 1763 2255 Origen,

1142 2261 1214 2291 that
1231 2262 1333 2292 Peter
1348 2271 1420 2292 was
1436 2261 1595 2292 crucified
1611 2262 1693 2292 with
1710 2262 1763 2292 his

1143 2307 1229 2339 head
1253 2308 1480 2347 (lownwards,
1496 2311 1530 2339 at
1547 2308 1599 2338 his
1615 2318 1690 2338 own
1713 2318 1764 2339 re-

1143 2358 1252 2393 quest.
1300 2355 1362 2386 Dr.
1390 2355 1517 2385 Burton
1543 2356 1763 2394 conjectures,

1143 2402 1213 2432 and
1230 2401 1312 2432 with
1335 2405 1427 2441 great
1450 2402 1667 2441 probability,
1691 2401 1764 2432 that

1148 2449 1233 2478 Paul
1254 2458 1327 2479 was
1357 2448 1531 2479 beheaded
1558 2448 1592 2478 in
1613 2448 1764 2478 conside-

1144 2495 1251 2525 ration
1270 2495 1308 2525 os
1327 2495 1427 2534 being
1448 2504 1468 2525 a
1484 2495 1613 2525 Roman
1629 2495 1762 2526 citizen.

1144 2541 1206 2572 See
1234 2542 1394 2572 Lcctures
1429 2551 1471 2571 on
1494 2541 1587 2572 Eccl.
1616 2541 1708 2572 Hist.
1730 2541 1768 2571 of

1144 2587 1199 2618 the
1232 2588 1321 2618 First
1355 2589 1453 2618 cent.
1484 2597 1518 2626 p.
1552 2590 1626 2627 320,
1655 2587 1760 2618 Lond.

1147 2637 1241 2665 18:51.

1194 2679 1218 2698 ¹⁰
1240 2679 1488 2720 Veridicanlis]
1518 2679 1764 2720 Vcridicantes,
