1891 3214
574 271 801 301 EPlss'ToLA
834 270 1005 299 G1LDAE.
1372 262 1426 301 71

155 377 402 431 patientur.
475 375 584 417 Non
627 377 747 417 enim
786 389 1006 430 personas
1046 375 1301 425 subtrahet,
1350 377 1428 429 qui

156 450 228 485 est
257 445 459 485 omnium
497 443 783 494 dominator-3
819 456 902 484 nec
935 444 1216 484 reverebitur
1249 444 1426 495 magni-

157 511 362 552 tudinem
394 511 680 565 cujusquam,
719 511 935 563 quoniam
966 510 1181 563 pusillum
1212 515 1257 550 et
1298 522 1425 562 mag-

159 591 267 618 num
298 579 395 631 ipse
417 578 539 627 fecit,
571 583 617 618 et
637 577 877 630 aequaliter
908 589 1018 617 cura
1037 582 1104 617 est
1129 577 1194 617 illi
1228 590 1308 629 pro
1329 590 1425 616 om-

119 654 138 682 5
159 645 306 685 nibus.
381 644 665 685 Fortioribus
718 649 871 684 autem
922 643 1083 683 sortior
1132 645 1275 683 instat
1323 657 1425 683 cru-

158 711 311 752 ciatio.
382 709 458 751 Ad
478 723 560 751 vos
586 723 695 762 ergo
719 723 848 762 reges
871 709 917 749 hi
938 715 1045 750 sunt
1070 722 1302 749 sermones
1322 710 1426 758 mei,

158 782 210 819 ut
245 777 434 818 discatis
474 777 764 830 sapientiam,
809 781 855 817 et
895 789 986 816 non
1026 776 1260 817 decidatis.
1334 776 1426 826 Qui

158 845 280 885 enim
321 843 621 885 custodierint
655 843 786 897 justa
820 843 1213 897 justificabuntur,
1262 848 1307 883 et
1348 843 1425 895 qui

158 911 399 952 didicerint
419 915 581 951 sancta
601 910 1024 951 sanctificabuntur.

98 987 140 1016 1⁰
227 978 250 1032 ξ
271 978 343 1019 6-1.
377 977 619 1018 Hactenus
641 991 743 1017 cum
763 977 944 1029 regibus
964 976 1141 1029 patriae,
1166 989 1255 1016 non
1278 976 1426 1016 minus

158 1045 486 1098 prophetarum
523 1044 718 1085 oraculis
754 1056 892 1097 quam
924 1044 1092 1084 nostris
1128 1043 1427 1092 sermonibus,

159 1112 541 1165 disceptavimus3
574 1111 781 1152 volentes
813 1123 891 1150 eos
923 1111 1038 1150 scire
1070 1122 1171 1162 quae
1205 1109 1430 1162 propheta

160 1178 356 1228 dixerat,
381 1177 544 1228 Quasi,
566 1177 794 1231 inquiens,
816 1189 843 1216 a
865 1175 979 1217 facie
1000 1176 1173 1216 colubri
1194 1175 1301 1228 suge
1324 1189 1428 1228 pec-

161 1250 291 1296 cata3
325 1245 364 1285 si
385 1244 630 1286 accesseris
651 1244 708 1284 ad
739 1243 818 1284 illa
849 1243 1099 1295 suscipient
1120 1248 1179 1283 te.
1253 1242 1428 1282 Dentes

101 1319 140 1348 15
160 1311 305 1352 leonis
335 1311 495 1352 dentes
527 1324 699 1359 eorum,
730 1309 1054 1358 interficientes
1083 1309 1260 1348 animas
1285 1308 1430 1348 homi-

162 1391 286 1419 num.
358 1378 419 1418 Et
438 1378 618 1426 iterum,
642 1376 793 1426 Quam
811 1388 980 1427 magna
1000 1374 1310 1414 misericordia
1333 1375 1428 1415 Do—

162 1445 289 1494 mini,
328 1450 374 1485 et
415 1443 681 1497 propitiatio
722 1442 821 1496 ejus
864 1442 1236 1481 convertentibus
1271 1441 1328 1481 ad
1364 1454 1427 1481 se.

163 1511 225 1553 Et
261 1511 301 1551 si
334 1524 426 1551 non
461 1510 680 1550 habemus
716 1509 763 1549 in
797 1508 927 1548 nobis
963 1508 1075 1547 illud
1110 1507 1428 1560 apostolicum,

164 1583 216 1619 ut
264 1577 484 1627 dicamus,
535 1576 765 1629 Optabam
817 1575 935 1615 enim
984 1574 1229 1614 anathema
1265 1587 1363 1614 esse
1403 1587 1430 1614 a

101 1651 145 1681 20
165 1644 350 1686 Christo
383 1657 465 1697 pro
494 1643 710 1684 fratribus
746 1642 872 1691 meis,
908 1647 1061 1682 tamen
1092 1641 1204 1681 illud
1237 1640 1431 1694 prophe-

164 1712 304 1753 ticum
329 1715 428 1752 toto
453 1711 588 1751 corde
614 1709 838 1763 possimus
864 1708 1028 1757 dicere,
1060 1707 1167 1748 Heu
1192 1708 1300 1760 quia
1336 1708 1432 1746 ani-

164 1791 240 1820 ma
272 1779 413 1831 perit!
487 1777 546 1818 Et
581 1778 759 1825 iterum,
795 1775 1059 1815 Scrutemur
1093 1774 1192 1814 vias
1234 1779 1432 1822 nostras,

153 1850 212 1886 *et
250 1857 526 1898 quaeramus,
563 1849 609 1884 et
643 1848 926 1883 revertamur
962 1841 1018 1881 ad
1058 1840 1331 1889 Dominum;
1370 1840 1433 1879 le-

165 1925 324 1954 vemus
359 1911 497 1953 corda
538 1915 696 1951 nostra
731 1922 832 1948 cum
867 1908 1075 1947 manibus
1113 1906 1167 1946 ad
1205 1906 1350 1946 Deum
1387 1906 1433 1945 in

105 1993 146 2022 25
166 1979 300 2020 coe10.
371 1978 460 2019 Sed
501 1983 547 2018 et
582 1976 693 2017 illud
734 1974 959 2028 apostoli3
1010 1973 1229 2025 Cupimus
1271 1985 1433 2012 unuin-

167 2058 392 2100 quemque
412 2049 614 2085 vestrum
635 2044 681 2083 in
705 2042 954 2082 visceribus
978 2039 1148 2080 Christi
1169 2052 1282 2079 esse.

237 2112 350 2165 §65
385 2110 536 2161 Quam
578 2110 697 2165 enim
744 2109 936 2148 libenter
976 2107 1060 2147 hoc
1098 2106 1144 2146 in
1186 2106 1300 2153 loco,
1341 2105 1435 2145 acsi

168 2178 357 2219 marinis
394 2177 606 2217 fluctibus
637 2176 858 2229 jactatus,
899 2179 941 2213 et
979 2174 1024 2213 in
1056 2177 1214 2225 optato
1251 2177 1435 2212 eves-tus

170 2249 305 2299 portu
329 2244 479 2293 remis,
511 2243 549 2283 si
570 2255 660 2283 non
692 2247 846 2282 tantos
875 2240 1080 2292 talesque
1108 2239 1294 2279 malitiae
1316 2239 1436 2290 epis-

112 2325 152 2353 30
171 2324 389 2365 coporum
418 2310 491 2351 vel
528 2315 779 2350 ceterorum
816 2306 1103 2347 sacerdotum
1139 2310 1216 2345 aut
1249 2305 1436 2344 clerico-

172 2391 287 2427 rum,
335 2378 382 2417 in
420 2382 578 2417 nostro
624 2388 804 2428 quoque
852 2374 1009 2413 ordine
1056 2372 1168 2423 erigi
1218 2371 1436 2411 adversus

174 2445 322 2486 Deum
340 2443 552 2484 vidissem
577 2448 770 2491 montes,
796 2453 911 2494 quos
931 2453 1001 2479 me
1021 2438 1268 2479 secundum
1290 2437 1437 2490 legem

173 2525 255 2552 ceu
278 2516 419 2552 testes
441 2511 634 2564 primum
666 2509 791 2549 duris
817 2508 1055 2548 verborum
1082 2505 1308 2553 cautibus,
1334 2503 1436 2544 dein

174 2578 410 2632 populum,
439 2577 476 2617 si
506 2582 659 2617 tamen
691 2574 1004 2615 sanctionibus
1030 2572 1237 2620 inhaeret,
1267 2583 1356 2610 non
1388 2575 1439 2609 ut

226 2693 250 2714 12
302 2695 492 2736 Propheta]
548 2693 790 2732 licrlvsiastit’i,
874 2688 900 2708 Ἡ
924 2688 1139 2727 Scrutenzur.]
1160 2688 1307 2717 Lanwnt.
1324 2685 1370 2716 iii.
1389 2688 1447 2723 w,

178 2742 249 2773 xxi.
266 2745 307 2780 23
324 2742 405 2773 xvii.
423 2744 477 2772 27.
811 2769 813 2779 Ι
829 2740 881 2768 41.

226 2786 251 2807 19
278 2788 463 2829 Optabam]
490 2788 583 2819 Rom.
603 2787 647 2818 ix.
667 2789 696 2817 3.
811 2787 813 2822 ξ
877 2782 902 2801 “-“·”’
929 2777 1112 2823 supinum]
1134 2780 1283 2819 Philipp.
1304 2779 1323 2808 i.
1343 2782 1373 2808 8.

879 2830 905 2847 ³⁴
931 2828 1115 2867 Cantibus]
1140 2827 1177 2857 V.
1195 2837 1202 2865 ;
1219 2825 1365 2863 cutibus,
1387 2824 1426 2854 13.

1446 986 1580 1015 Passages

1444 1020 1513 1044 from
1529 1019 1621 1044 Eccle-

1445 1053 1583 1077 siasticus.

1454 2111 1513 2135 The
1542 2116 1649 2142 perora<

1454 2145 1512 2168 tion
1527 2145 1556 2168 of
1567 2144 1622 2167 this

1455 2177 1574 2201 division
1588 2176 1618 2200 or

1454 2211 1501 2235 the
1516 2209 1631 2241 Epistle.
