1891 3214
574 267 801 298 EplsToLA
835 269 1005 299 GiLnAE.
1363 262 1419 301 87

153 369 272 411 Haec
303 370 413 412 dicit
435 371 660 412 Dominus
686 372 827 422 Deus,
849 373 972 424 Quia
1003 374 1268 415 inobediens
1292 375 1417 417 suisti

151 437 218 477 ori
256 437 459 487 Domini,
501 443 546 478 et
588 452 679 479 non
716 440 957 481 custodisti
989 441 1253 481 mandatum
1296 443 1417 495 quod

149 505 369 557 praecepit
391 504 618 545 Dominus
640 505 766 545 Deus
800 512 922 556 tuus,
954 512 1000 547 et
1034 520 1242 548 reversus
1275 521 1338 558 eS,
1370 514 1416 550 et

150 571 388 611 comedisti
419 583 584 624 panem
612 577 657 612 et
679 572 831 612 bibisti
857 586 1022 626 aquam
1043 574 1090 614 in
1113 573 1197 615 hoc
1229 574 1345 624 loco,
1366 576 1413 615 in

111 648 130 676 5
150 649 241 689 quo
261 637 586 678 mandaveram
609 638 706 687 tibi,
728 652 783 679 ne
816 640 1115 680 manducares
1136 654 1298 693 panem
1330 655 1413 682 nec

148 703 325 744 biberes
356 716 538 756 aquam,
559 717 651 744 non
682 710 878 757 ponetur
908 718 1072 758 corpus
1104 712 1233 747 tuum
1264 707 1311 747 in
1342 720 1413 747 se-

147 769 338 822 pulchro
369 775 551 823 patrum
583 775 781 811 tuorum.
854 772 915 812 Et
935 771 1107 813 sactum
1139 779 1224 822 est,
1246 773 1412 826 inquit,

146 841 392 890 postquam
432 836 727 878 manducavit
765 850 929 890 panem
981 844 1026 879 et
1071 839 1184 879 bibit
1229 851 1412 892 aquam,

146 903 313 943 stravit
333 903 419 943 sibi
443 904 619 943 asinam
652 917 781 944 suam
812 910 859 945 et
889 905 1016 954 abiit,
1036 910 1082 946 et
1102 905 1277 946 invenit
1309 919 1412 946 eum

88 979 128 1007 10
146 968 217 1009 leo
239 970 286 1009 in
307 970 398 1018 via,
419 975 465 1010 et
486 970 651 1010 occidit
673 983 790 1010 eum.

215 1035 329 1088 §78
364 1035 549 1076 Esaiam
586 1049 767 1089 quoque
804 1041 1014 1077 sanctum
1052 1036 1322 1090 prophetam
1355 1037 1409 1078 de

144 1102 459 1143 sacerdotibus
500 1101 585 1142 hoc
636 1103 770 1143 modo
810 1103 1072 1155 loquentem
1112 1103 1281 1152 audite,
1324 1104 1408 1144 Vae

143 1167 282 1220 impio
321 1169 367 1209 in
407 1168 594 1218 malum,
633 1169 871 1209 retributio
906 1169 1025 1208 enim
1062 1182 1278 1210 manuum
1311 1170 1409 1223 ejus

144 1233 223 1274 fiet
241 1234 297 1275 ei.
369 1234 600 1287 Populum
631 1248 781 1275 meum
817 1240 1056 1276 exactores
1085 1236 1155 1276 sui
1181 1236 1408 1288 spoliave-

87 1309 125 1338 15
144 1305 266 1350 runt,
301 1306 347 1342 et
378 1301 589 1341 mulieres
621 1301 866 1342 dominata>
903 1307 1011 1342 sunt
1046 1301 1159 1355 ejus.
1232 1301 1409 1354 Popule

143 1380 287 1417 meus,
309 1368 387 1420 qui
413 1368 595 1408 beatum
619 1373 663 1408 te
685 1368 857 1417 dicunt,
889 1368 975 1420 ipsi
1006 1372 1050 1408 te
1083 1368 1330 1420 decipiunt,
1363 1374 1409 1409 et

144 1433 266 1474 viam
297 1447 538 1485 gressuum
559 1439 741 1474 tuorum
772 1434 1012 1487 dissipant.
1083 1434 1185 1474 Stat
1208 1434 1262 1474 ad
1281 1434 1406 1488 judi-

143 1499 338 1540 candum
362 1500 604 1549 Dominus,
625 1506 669 1541 et
691 1506 783 1541 stat
809 1500 865 1540 ad
892 1500 1166 1554 judicandos
1197 1501 1406 1553 populos.

146 1564 373 1607 Dominus
405 1567 462 1607 ad
488 1566 712 1620 judicium
733 1567 882 1607 veniet
905 1580 1007 1606 cum
1036 1567 1220 1607 senibus
1251 1567 1407 1619 populi

88 1646 132 1675 20
144 1633 215 1673 sui
235 1637 281 1674 et
301 1633 581 1686 principibus
600 1633 714 1686 ejus.
786 1633 885 1673 Vos
904 1632 1082 1685 depasti
1103 1633 1212 1673 estis
1228 1633 1408 1673 vineam

144 1712 307 1749 meam,
343 1700 506 1752 rapina
535 1699 749 1753 pauperis
780 1699 826 1739 in
858 1699 992 1739 domo
1012 1706 1180 1740 vestra.
1253 1698 1409 1749 Quare

144 1766 342 1806 atteritis
387 1766 606 1819 populum
657 1767 840 1805 meum?
893 1771 939 1806 et
977 1765 1114 1805 facies
1157 1778 1407 1818 pauperum

144 1832 450 1873 commolitis?
472 1832 581 1873 dicit
604 1832 829 1872 Dominus
851 1832 1148 1872 exercituum.
1203 1831 1261 1871 Et
1284 1832 1408 1881 item,

145 1897 249 1948 Vae,
273 1899 350 1952 qui
381 1899 585 1940 condunt
606 1899 730 1951 leges
763 1898 959 1951 iniquas,
981 1903 1027 1938 et
1058 1898 1306 1938 scribentes
1339 1897 1408 1937 in-

84 1976 125 2004 25
138 1964 368 2019 justitiam
409 1966 705 2018 scripserunt,
739 1970 790 2005 ut
821 1965 1127 2017 opprimerent
1159 1964 1205 2003 in
1234 1963 1408 2017 judicio

144 2044 385 2085 paupereS,
406 2037 452 2072 et
472 2032 564 2072 vim
586 2031 789 2072 facerent
810 2044 961 2071 causae
989 2030 1225 2070 humilium
1252 2029 1409 2082 populi

145 2098 249 2147 mei,
286 2103 337 2138 ut
367 2104 522 2138 essent
555 2098 704 2138 viduae
738 2097 894 2149 praeda
927 2110 1099 2145 eorum,
1131 2102 1177 2136 et
1210 2095 1408 2148 pupillos

144 2163 408 2216 diriperent.
479 2163 603 2214 Quid
644 2163 820 2203 facietis
859 2163 905 2202 in
940 2163 1012 2202 die
1043 2162 1319 2202 visitationis
1363 2167 1409 2201 et

145 2229 422 2270 calamitatis
441 2229 496 2269 de
517 2229 652 2281 longe
674 2229 933 2269 venientis?
1005 2227 1063 2267 Et
1084 2227 1219 2275 iufra,
1236 2227 1408 2266 Verum

84 2306 126 2334 3ο
146 2295 192 2336 hi
232 2308 413 2348 quoque
450 2308 543 2348 prae
585 2296 692 2335 vino
734 2294 1007 2342 nescierunt,
1050 2306 1144 2346 prae
1189 2293 1407 2332 ebrietate

146 2367 429 2410 erraverunt,
462 2360 722 2401 sacerdotes
756 2360 1015 2400 nescierunt
1046 2372 1139 2412 prae
1172 2358 1407 2407 ebrietate,

146 2428 351 2481 absorpti
393 2433 500 2468 sunt
541 2440 568 2467 a
606 2428 726 2476 vino,
773 2431 1039 2466 erraverunt
1078 2426 1125 2465 in
1172 2425 1408 2473 ebrietate,

148 2495 407 2535 nescierunt
461 2493 723 2542 Videntem‚
785 2493 1115 2544 ignoraverunt
1169 2490 1406 2544 judicium.

148 2561 319 2602 Omnes
340 2562 460 2602 enim
482 2573 649 2601 mensae
671 2559 854 2612 repletae
877 2564 984 2599 sunt
999 2558 1170 2598 vomitu
1192 2557 1407 2605 sordium,

86 2643 125 2671 35
146 2627 212 2668 ita
233 2633 285 2668 ut
307 2641 398 2668 non
420 2632 539 2668 esset
562 2627 682 2667 ultra
701 2626 842 2666 locus.

194 2776 217 2796 ¹¹
235 2778 396 2818 Esaiam]
421 2778 468 2808 iii.
488 2780 548 2816 ll;
573 2787 607 2808 x.
626 2779 639 2806 l
657 2787 665 2815 ;
682 2776 799 2807 xxviii.
816 2778 848 2814 7,
867 2773 1107 2813 14‚17;xxix.
1129 2775 1179 2810 13,
1198 2774 1260 2809 14;
1278 2770 1357 2801 lxvi.
1379 2773 1407 2801 1.

1428 1043 1608 1074 particularly

1427 1076 1498 1101 from
1512 1077 1615 1106 haiah,
