1891 3214
633 258 865 293 fflsromA
899 266 1070 299 GJLDAE.
1432 269 1489 309 25

213 354 488 408 reversione,
524 364 569 400 et
601 363 774 406 reditus
806 366 1123 426 denegatione,
1169 378 1305 421 solito
1346 385 1486 424 confi-

213 419 443 463 dentiores
460 438 640 468 omnem
662 433 969 485 aquilonalem
991 447 1335 500 extremamque
1353 454 1485 492 terra:

211 492 390 539 partem
410 503 492 543 pro
512 493 739 548 indigenis
760 514 889 543 muro
911 510 1043 547 tenus
1065 521 1326 563 capessunt.
1380 516 1484 559 Sta-

212 554 358 595 tuitur
380 557 437 597 ad
458 558 556 601 haec
588 562 635 602 in
667 565 789 607 edito
812 571 929 610 arcis
951 574 1087 625 acies,
1109 580 1263 631 segnis
1287 582 1344 622 ad
1367 597 1483 637 pug-

172 634 190 661 5
210 632 332 671 nam,
352 622 566 667 inhabilis
599 629 655 669 ad
689 631 861 686 fugam,
890 642 1189 684 trementibus
1219 651 1484 699 praecordiis

208 686 382 740 inepta,
427 704 530 744 quae
570 694 728 738 diebus
771 713 825 741 ac
865 707 1077 748 noctibus
1126 713 1310 765 stupido
1353 717 1482 759 sedili

207 756 456 798 marcebat.
529 759 715 805 Interea
742 780 834 808 non
869 779 1052 815 cessant
1083 778 1303 821 uncinata
1336 783 1481 825 nudo-

207 832 309 860 rum
329 823 436 873 tela,
467 826 632 878 quibus
660 832 899 876 miserrimi
932 839 1054 881 cives
1092 843 1147 884 de
1175 848 1316 887 muris
1346 852 1481 892 tracti

206 886 306 928 solo
349 889 670 938 allidebantur.
743 899 849 942 Hoc
890 905 1065 949 scilicet
1104 911 1169 950 eis
1212 914 1479 965 proficiebat

145 965 187 994 10
204 951 463 998 immaturae
494 963 653 1003 mortis
682 968 972 1022 supplicium,
997 976 1075 1027 qui
1107 977 1191 1017 tali
1224 979 1382 1023 funere
1405 997 1477 1025 ra-

204 1020 463 1074 piebantur,
486 1039 577 1079 quo
606 1029 797 1074 fratrum
826 1036 1161 1094 pignorumque
1184 1059 1369 1089 suorum
1393 1051 1476 1091 mi-

204 1088 422 1130 serandas
444 1091 732 1139 imminentes
749 1114 911 1153 poenas
936 1106 1026 1148 cito
1046 1110 1174 1150 exitu
1192 1112 1474 1159 devitabant.

205 1151 329 1203 Quid
369 1156 502 1209 plura
539 1159 732 1215 loquar?
798 1167 993 1212 Relictis
1025 1175 1290 1219 civitatibus
1322 1195 1474 1225 muro-

203 1230 291 1271 que
324 1222 462 1274 celso,
496 1225 661 1269 iterum
690 1231 779 1273 illis
811 1234 950 1289 fugae,
981 1240 1145 1283 iterum
1168 1245 1474 1299 dispersiones

139 1298 180 1327 15
202 1286 340 1328 solito
383 1289 776 1345 desperabiliores.
850 1302 969 1344 Item
1010 1308 1067 1347 ab
1106 1309 1236 1352 hoste
1276 1314 1472 1358 insecta-

201 1352 366 1405 tiones,
389 1355 500 1398 item
531 1366 710 1415 strages
743 1368 1058 1413 accelerantur
1089 1378 1393 1433 crudeliores;
1428 1391 1473 1425 et

199 1418 319 1461 sicut
341 1424 450 1475 agni
482 1438 510 1465 a
532 1426 807 1483 lanionibus,
830 1435 895 1476 ita
916 1437 1112 1481 deflendi
1143 1444 1264 1486 cives
1297 1449 1354 1488 ab
1385 1450 1470 1490 ini-

198 1485 329 1527 micis
365 1489 699 1547 discerpuntur,
733 1505 783 1539 ut
815 1510 1185 1551 commemoratio
1217 1525 1371 1555 eorum
1406 1516 1470 1557 fe-

197 1564 352 1594 rarum
374 1558 706 1603 assimilaretur
727 1569 992 1618 agrestium.
1064 1574 1187 1616 Nam
1216 1578 1393 1623 laniant
1425 1590 1470 1625 et

135 1633 177 1662 20
197 1619 372 1672 seipsos
392 1629 566 1675 mutuo,
587 1641 669 1670 nec
689 1644 772 1684 pro
795 1634 951 1688 exigui
972 1639 1120 1681 victus
1143 1644 1268 1686 brevi
1289 1655 1469 1690 susten-

196 1687 350 1728 taculo
387 1690 656 1736 miserorum
694 1698 861 1740 civium
888 1703 1206 1751 latrocinando
1243 1718 1469 1768 tempera-

193 1751 331 1794 bant:
365 1760 411 1796 et
441 1761 730 1812 augebantur
757 1772 990 1812 extraneae
1023 1774 1175 1816 clades
1208 1778 1469 1823 domesticis

191 1820 408 1872 motibus,
443 1838 535 1878 quo
569 1833 615 1868 et
644 1829 905 1885 hujusmodi
936 1840 1105 1880 crebris
1137 1843 1467 1899 direptionibus

190 1894 467 1931 vacuaretur
487 1895 633 1935 omnis
654 1898 781 1950 regio
805 1903 946 1944 totius
963 1906 1051 1947 cibi
1071 1908 1250 1962 baculo,
1272 1922 1467 1969 excepto

235 2109 509 2160 ²Aquilonulem.]
534 2121 804 2165 Aquilonem,.4.
892 2127 917 2151 ¹7
932 2131 1159 2178 Lanionibus]
1190 2139 1336 2181 Scilicet,
1361 2143 1463 2184 lupis,

233 2156 246 2176 ⁵
257 2159 433 2195 Inhabilz's.
449 2187 456 2195 .
471 2166 628 2208 .fugam.]
647 2172 718 2203 Om.
738 2173 781 2204 B.
796 2185 804 2212 ;
842 2175 884 2207 A.
900 2179 999 2214 gloss.

184 2203 342 2236 inhabilis
359 2218 397 2239 ac
413 2213 642 2254 trementibus,
667 2217 703 2248 V.
892 2221 915 2240 ¹⁸
945 2226 1234 2272 Cmnmemoratim]
1272 2234 1461 2267 Commora-

233 2248 245 2268 ⁵
263 2251 420 2295 Fugam]
447 2257 614 2299 Pugnam,
631 2262 667 2292 J.
841 2268 898 2305 tio,
924 2270 960 2301 Γ.

232 2294 246 2318 7
263 2297 462 2346 Nudorum]
483 2304 547 2343 B.;
578 2307 750 2350 nodorum,
763 2311 805 2343 A.
888 2313 1190 2363 ¹⁹:1³·si1nilaretmu]
1210 2324 1456 2359 Commemora-

231 2341 245 2361 3
261 2344 399 2387 filaris]
425 2348 538 2390 Muro,
556 2352 598 2383 B.
839 2360 932 2400 tioni,
948 2363 990 2394 A.
1008 2366 1110 2397 addit.

231 2389 244 2408 ⁹
272 2391 497 2437 Proficiebat]
532 2398 575 2429 B.
591 2409 599 2437 ;
649 2410 708 2433 om.
738 2403 779 2434 A.
795 2415 802 2442 ;
888 2405 912 2425 ¹9
942 2410 1027 2440 Num
1096 2414 1244 2458 seipsos]
1291 2419 1378 2450 Nam
1422 2426 1455 2453 et

180 2436 350 2477 proderat,
374 2440 411 2471 V.
839 2453 933 2492 ipsis,
959 2456 995 2487 V.

231 2481 257 2500 ¹⁰
275 2484 370 2526 Quzss]
395 2487 494 2519 Quod
512 2491 582 2529 qui,
607 2492 644 2523 Γ.
884 2498 910 2517 ²⁴¹
929 2502 996 2533 Nec
1009 2515 1068 2544 pro
1085 2507 1228 2550 exigui]
1246 2511 1318 2543 Nec
1337 2524 1453 2552 perex-

229 2525 256 2548 ¹⁰
270 2530 427 2574 Funera]
451 2535 600 2577 Sumere,
620 2540 661 2570 B.
836 2545 919 2585 igni,
937 2549 979 2580 B.

228 2573 251 2594 ¹¹
271 2577 342 2613 Quo
357 2579 506 2617 fratrum
532 2584 796 2633 pigner-umque]
882 2590 905 2610 ²¹
932 2596 1125 2629 Miser-nrum
1157 2601 1303 2646 civitam]
1332 2607 1453 2639 Miser-

179 2621 246 2661 B.;
270 2623 408 2656 fratrum
434 2638 500 2666 quo
528 2631 716 2674 pignorum,
734 2636 774 2667 A.
790 2648 798 2675 3
816 2645 817 2650 ¹
834 2638 907 2669 rimi
924 2642 1027 2681 cives,
1050 2645 1088 2676 V.

176 2667 315 2700 fratrum
331 2672 589 2717 pignorumque,
611 2680 649 2710 V.
880 2684 903 2703 '2¹
925 2688 1182 2734 Temperabant.]
1202 2696 1244 2727 B.
1256 2696 1293 2729 V.
1309 2709 1319 2733 ,·
1336 2710 1395 2732 om.
1408 2701 1450 2733 A.

226 2713 252 2733 ¹³
265 2716 422 2760 Loquar]
451 2722 522 2753 Om.
542 2724 586 2755 B.
605 2726 642 2757 V.
879 2729 905 2750 ²³
925 2735 995 2770 Quo
1011 2738 1070 2778 et.]
1096 2739 1208 2781 Quod,
1228 2743 1270 2774 B.
1293 2745 1330 2776 V.

225 2759 249 2780 ¹⁴
266 2763 369 2806 Illis]
400 2766 459 2807 V.;
484 2770 619 2812 quibus,
637 2773 743 2805 MSS.
879 2776 905 2797 ²³
924 2782 1084 2825 Crebris]
1109 2786 1190 2818 Tam
1208 2792 1345 2832 crebris,
1365 2794 1406 2824 Β.

1494 1198 1643 1224 Miserable

1493 1233 1632 1257 condition
1655 1234 1685 1258 of

1493 1266 1540 1290 the
1559 1267 1680 1292 Britons.
