1907 3214
474 242 531 282 <252
896 253 1122 282 Ems'roLA
1155 252 1326 281 GILDAE.

474 357 727 411 proposita,
757 357 976 408 loquitur,
1011 357 1182 405 dicens,
1217 356 1336 396 Haec
1368 355 1478 396 dicit
1504 355 1746 406 Dominus,

478 425 636 464 Facite
667 423 892 477 judicium
924 429 969 463 et
1003 423 1251 475 justitiam,
1284 428 1329 462 et
1363 422 1553 463 liberate
1588 424 1634 464 vi
1665 436 1745 476 op-

474 504 682 543 pressum
704 489 759 529 de
792 502 930 529 manu
962 489 1333 539 calumniatoris3
1368 493 1413 529 et
1438 488 1677 538 advenam,
1702 494 1748 530 et

474 557 714 609 pupillum,
756 560 801 596 et
843 555 1044 605 viduam,
1086 555 1228 595 nolite
1269 555 1557 604 contristare,
1599 569 1747 608 neque

474 623 743 676 opprimatis
777 622 947 674 inique,
982 627 1027 662 et
1062 622 1335 673 sanguinem
1367 622 1658 663 innocentem
1690 635 1747 662 ne
1789 636 1807 663 5

475 690 734 730 effundatis
807 689 854 728 Si
898 689 1018 729 enim
1056 688 1276 729 facientes
1318 688 1516 728 feceritis
1557 689 1747 729 Verbum

474 756 613 805 istud,
645 755 960 808 ingredientur
981 769 1062 808 per
1082 760 1238 808 portas
1265 755 1425 795 domus
1458 753 1594 808 hujus
1616 768 1747 808 reges

475 823 685 863 sedentes
727 822 782 861 de
822 835 986 874 genere
1021 821 1174 862 David
1212 835 1348 874 super
1378 821 1594 862 thronum
1631 821 1746 875 ejus.

478 888 613 938 Quod
642 889 679 928 si
712 901 804 927 non
830 888 1064 928 audieritis
1090 888 1230 928 verba
1256 888 1369 936 haec,
1400 888 1447 927 in
1478 889 1748 941 memetipso

470 954 642 1008 juravi,
674 954 784 994 dicit
818 954 1061 1003 Dominus,
1099 955 1208 1007 quia
1242 955 1290 994 in
1330 953 1623 994 solitudinem
1663 955 1750 995 erit
1771 965 1809 993 10

477 1021 637 1061 domus
674 1020 786 1062 haec.
861 1020 921 1061 Et
955 1020 1136 1070 iterum,
1170 1020 1225 1061 de
1262 1033 1370 1073 rege
1401 1020 1520 1061 enim
1554 1021 1749 1062 scelesto

476 1088 768 1140 loquebatur,
808 1086 932 1127 Vivo
975 1100 1077 1139 ego,
1125 1087 1235 1128 dicit
1275 1087 1517 1136 Dominus,
1563 1087 1672 1140 quia
1711 1087 1750 1128 si

477 1153 615 1194 suerit
651 1154 679 1194 J
686 1153 900 1194 echonias
944 1154 1142 1194 annulus
1180 1155 1227 1194 in
1261 1166 1400 1193 manu
1436 1153 1602 1194 dextra
1633 1167 1750 1204 mea,

476 1220 582 1260 inde
614 1221 807 1261 evellam
844 1233 946 1260 eum
977 1225 1022 1260 et
1057 1220 1175 1260 dabo
1204 1220 1250 1260 in
1282 1233 1420 1260 manu
1447 1221 1750 1272 quaerentium

478 1287 677 1327 animam
697 1286 811 1340 ejus.
1771 1297 1810 1325 15

263 1364 398 1394 Passafzes
429 1397 448 1421 k
548 1353 662 1406 §5L
697 1353 894 1394 Sanctus
934 1366 1116 1406 quoque
1155 1351 1345 1394 Abacuc
1387 1352 1642 1406 proclamat
1683 1352 1750 1393 di-

260 1398 333 1456 izrss'i-'f
347 1398 427 1423 Haba
451 1410 602 1469 ‘cenS‚
640 1420 744 1469 Vae,
783 1420 860 1473 qui
896 1420 1125 1460 aedificant
1158 1421 1392 1461 civitatem
1423 1420 1471 1460 in
1510 1419 1751 1472 sanguine,

480 1492 525 1527 et
552 1491 818 1539 praeparant
851 1486 1086 1527 civitatem
1114 1487 1162 1526 in
1186 1486 1506 1539 iniquitatibus
1532 1485 1751 1535 dicentes,

482 1552 650 1593 Nonne
691 1553 790 1593 haec
828 1557 936 1592 sunt
976 1566 1004 1592 a
1035 1553 1235 1593 Domino
1274 1553 1619 1605 omnipotente?
1691 1552 1753 1593 Et

479 1619 742 1660 deiecerunt
772 1619 931 1671 populi
959 1619 1091 1658 multi
1116 1620 1164 1659 in
1196 1619 1319 1671 igne,
1344 1624 1390 1660 et
1413 1624 1574 1671 gentes
1595 1618 1751 1659 multae
1769 1629 1812 1658 20

479 1686 718 1725 minoratae
745 1690 868 1725 sunt.
941 1684 1001 1724 Et
1029 1685 1093 1724 ita
1120 1685 1408 1738 prophetiam
1437 1685 1654 1737 querulus
1682 1685 1752 1725 in-

479 1752 605 1805 cipit,
642 1752 896 1804 Usquequo
927 1750 1135 1791 clamabo
1177 1757 1222 1792 et
1255 1765 1348 1792 non
1383 1751 1637 1792 exaudies?
1671 1764 1752 1792 vo-

479 1818 703 1859 ciferabor
733 1817 790 1858 ad
823 1822 883 1866 te,
923 1822 975 1857 ut
1006 1817 1113 1870 quid
1149 1818 1260 1858 mihi
1300 1817 1464 1858 dedisti
1498 1817 1677 1858 labores
1709 1822 1755 1858 et

479 1885 659 1925 dolores
681 1885 904 1937 inspicere
926 1884 1155 1925 miseriam
1176 1889 1222 1924 et
1241 1884 1557 1937 impietatem?
1630 1883 1754 1925 Con-

480 1956 567 2000 tra,
605 1951 665 1991 Et
700 1951 871 1990 factum
915 1955 986 1990 est
1023 1950 1262 2003 judicium,
1299 1956 1345 1991 et
1378 1950 1526 2004 judex
1559 1951 1811 2004 accepit.2⁵

480 2017 680 2069 Propter
711 2016 797 2056 hoc
828 2015 1052 2068 dissipata
1085 2022 1154 2057 est
1184 2017 1276 2065 lex,
1302 2021 1348 2057 ct
1373 2030 1464 2057 non
1490 2017 1755 2069 perducitur

480 2083 537 2123 ad
572 2083 707 2122 finem
735 2082 990 2136 judicium3
1034 2083 1142 2135 quia
1176 2083 1343 2135 impius
1378 2096 1460 2136 per
1499 2083 1753 2136 potentiam

479 2149 692 2202 deprimit
733 2149 926 2202 justum.
1000 2148 1198 2202 Propter
1249 2149 1334 2190 hoc
1384 2149 1498 2190 exiit
1529 2149 1754 2204 judicium

479 2229 758 2269 perversum.

267 2291 445 2349 frgsglafijffl
549 2283 664 2336 §5:2.
698 2282 787 2323 Sed
822 2289 867 2324 et
900 2284 1063 2323 beatus
1097 2281 1216 2322 Osee
1246 2281 1484 2335 propheta,
1513 2281 1752 2332 attendite,
1772 2289 1813 2318 30

448 2343 454 2350 ’
480 2349 586 2401 quid
609 2349 826 2401 loquatur
846 2350 901 2390 de
924 2349 1221 2402 principibu&
1244 2349 1415 2398 dicens,
1438 2348 1531 2389 Pro
1553 2361 1607 2390 eo
1629 2348 1750 2402 quod

481 2417 756 2467 transgressi
790 2422 898 2457 sunt
930 2421 1117 2469 pactum
1150 2428 1316 2464 meum,
1348 2420 1394 2456 et
1428 2415 1647 2456 adversus
1687 2415 1752 2455 le-

480 2495 582 2533 gem
618 2496 765 2522 meam
793 2483 1012 2531 tulerunt,
1049 2487 1095 2522 et
1132 2482 1482 2532 exclamabant3
1521 2481 1752 2534 Cognovi-

480 2561 580 2588 111115
623 2554 682 2597 te,
724 2549 1111 2601 quiamlvcrsum
1152 2548 1214 2588 sis
1256 2548 1417 2589 Israel.
1489 2548 1670 2588 Bonum
1703 2552 1754 2588 ut

528 2724 552 2743 ¹¹³
579 2723 735 2770 Abacuc]
763 2728 783 2758 i.
799 2732 831 2766 2,
849 2731 878 2759 3.
1183 2724 1210 2745 ³0
1237 2725 1345 2766 Osee]
1371 2725 1440 2756 Vili-
1460 2727 1490 2764 l,
1508 2727 1538 2755 4-

526 2770 551 2790 2¹
565 2776 683 2803 santra
698 2797 705 2804 .
726 2797 732 2804 .
748 2770 959 2816 perversum]
977 2776 1048 2804 0111.
1060 2774 1097 2804 V.
