1891 3214
575 253 799 282 EPISTOLA
835 252 1007 282 cunulis.
1368 241 1420 280 81

149 357 320 400 inimici
343 359 400 400 ad
421 358 719 412 pugnandum
738 360 754 398 2
829 357 886 398 Et
912 357 1013 411 quis
1042 368 1196 396 eorum
1219 356 1420 408 corporis

149 429 292 475 tactu,
315 426 482 467 mortui
500 425 674 468 scilicet
695 424 881 473 mundo,
906 423 1102 464 viventis
1125 428 1277 463 autem
1307 422 1416 469 Deo,

148 492 226 532 alii
245 493 427 534 diverso
450 492 607 533 sunere
629 492 887 540 occubanti,
908 490 1206 544 proculdubio
1238 495 1417 529 mortuo

147 558 266 609 Deo,
289 559 414 600 vitiis
445 573 553 600 vero
584 558 772 607 viventi,
808 557 939 611 quasi
975 556 1281 609 supradictus,
1312 568 1416 608 pro—

108 637 126 664 5
146 624 282 675 ficiet,
316 625 382 666 ita
413 631 465 666 ut
485 625 641 666 statim
664 624 904 677 prosiliens
930 623 1114 664 Christo
1150 627 1304 674 grates
1335 636 1416 674 pro

147 692 346 732 sanitate
369 697 479 744 agat
500 696 768 732 cunctorum
801 703 917 742 pene
951 689 1209 729 mortalium
1241 701 1318 728 ore
1339 688 1415 728 de-

147 759 366 811 sperata?
439 757 585 812 Cujus
607 770 762 798 eorum
794 757 989 797 carbone
1011 755 1157 807 ignito
1193 754 1249 794 de
1282 754 1415 794 altari

146 823 318 878 forcipe
362 823 593 865 Cherubin
626 823 836 872 advecto,
868 828 919 863 ut
956 827 1147 875 peccata
1177 833 1260 860 sua
1295 821 1415 860 dele·

145 896 302 932 rentur
333 890 590 931 humilitate
626 889 940 938 consessionis,
982 889 1117 937 labia,
1159 892 1209 927 ut
1247 887 1413 935 Esaiae,

84 969 126 998 10
144 957 366 998 mundata
398 962 521 1007 sunt,
554 962 598 997 et
631 955 801 997 efficaci
836 955 1043 996 oratione
1079 954 1164 994 sibi
1198 953 1417 1006 adjuncta

144 1023 206 1077 pii
247 1025 368 1078 regis
404 1023 611 1064 Ezechiae
655 1022 1029 1076 supplantatione
1066 1025 1247 1061 centum
1290 1026 1416 1059 octo-

143 1091 275 1143 ginta
302 1091 502 1144 qujnque
532 1090 675 1130 millia
705 1089 934 1130 exercitus
954 1088 1264 1140 Assyriorum,
1291 1086 1417 1125 nullo

144 1162 396 1210 apparente
417 1156 619 1197 vulneris
640 1156 852 1208 vestigio,
887 1154 1040 1206 angeli
1072 1165 1226 1200 manu,
1256 1157 1306 1192 ut
1340 1165 1415 1191 su-

143 1224 355 1276 pradicti,
387 1228 620 1277 prostrata
656 1223 797 1263 sunt?
871 1220 987 1271 Quis
1020 1232 1174 1260 eorum
1208 1219 1263 1258 ob
1298 1232 1414 1270 prae-

85 1301 124 1329 15
145 1295 280 1343 cepta
315 1291 419 1340 Dei,
444 1295 489 1331 et
521 1289 668 1329 minas
700 1288 882 1329 coelitus
913 1287 1061 1335 datas,
1084 1286 1415 1336 veritatemque

145 1357 218 1397 vel
249 1370 341 1398 non
377 1356 666 1397 audientibus
703 1354 1038 1407 proferendam,
1065 1351 1301 1404 squalores
1337 1364 1414 1403 pe-

145 1423 370 1476 doresque
396 1436 644 1471 carcerum,
684 1426 735 1461 ut
770 1425 1113 1461 momentaneas
1146 1422 1331 1465 mortes,
1364 1423 1415 1457 ut

145 1489 307 1530 beatus
331 1489 573 1538 Jeremias,
607 1488 820 1540 excepit?
894 1486 953 1526 Et
984 1499 1039 1526 ne
1067 1484 1225 1524 multa.
1298 1482 1414 1533 Quis

145 1569 318 1606 eorum,
339 1560 390 1597 ut
412 1555 639 1608 Magister
656 1554 877 1594 Gentium
896 1552 1029 1601 dixit,
1051 1564 1201 1591 errare
1222 1550 1267 1589 in
1286 1562 1414 1589 mon-

81 1638 126 1667 20
145 1623 283 1673 tibus,
304 1628 350 1663 et
380 1623 427 1662 in
465 1621 710 1675 speluncis,
734 1626 777 1660 et
810 1620 855 1660 in
888 1618 1096 1659 cavernis
1125 1622 1276 1664 terrae,
1298 1616 1415 1668 lapi-

144 1689 260 1739 dari,
283 1689 445 1738 secari,
466 1688 609 1729 totius
633 1686 791 1727 mortis
816 1698 981 1739 genere
1007 1698 1089 1737 pro
1114 1683 1294 1723 nomine
1320 1682 1415 1721 Do-

144 1756 254 1796 mini
286 1755 521 1805 attentari,
556 1755 673 1794 sicut
709 1753 856 1793 sancti
889 1751 1141 1805 prophetae,
1174 1761 1415 1802 perpessus

145 1824 247 1863 est?

214 1888 328 1942 §73
377 1888 466 1929 Sed
506 1887 613 1941 quid
658 1887 950 1927 immoramur
988 1885 1034 1924 in
1075 1882 1296 1934 exemplis
1340 1894 1415 1920 ve-

83 1970 124 1999 25
146 1956 334 2005 teribus,
357 1956 452 1995 acsi
472 1969 564 1995 non
586 1959 739 1995 essent
770 1954 815 1993 in
851 1952 986 1992 Novo
1013 1950 1136 1990 ulla?
1210 1947 1415 1988 Audiant

144 2021 301 2075 itaque
323 2035 423 2071 nos,
445 2022 523 2075 qui
544 2022 716 2073 absque
750 2019 842 2059 ullo
874 2019 1029 2058 labore
1053 2020 1300 2068 angustum
1331 2013 1415 2053 hoc

146 2088 233 2129 iter
269 2088 544 2129 Christianae
579 2086 830 2138 religionis,
872 2088 1096 2137 praetento
1131 2086 1309 2123 tantum
1343 2093 1415 2120 sa-

147 2154 367 2195 cerdotali
415 2154 613 2202 nomine,
655 2153 826 2192 intrare
868 2164 916 2190 se
956 2154 1136 2202 putant,
1178 2152 1417 2199 carpentes

146 2233 318 2273 paucos
354 2219 504 2268 flores,
540 2218 682 2259 veluti
726 2229 926 2256 summos
969 2216 1023 2254 de
1061 2214 1185 2254 Novi
1229 2217 1418 2252 extento

87 2301 128 2329 30
148 2291 413 2327 sanctorum
432 2284 720 2325 Testamenti
743 2289 955 2335 tyronum
979 2292 1251 2331 amoenoque
1269 2282 1416 2330 prato.

149 2352 266 2402 Quis
303 2357 519 2400 vestrum,
552 2351 629 2403 qui
664 2349 856 2401 torpetis
889 2347 1041 2400 potius
1078 2358 1213 2398 qnam
1251 2343 1418 2383 sedetis

147 2418 350 2471 legitime
381 2418 427 2458 in
467 2415 740 2457 sacerdotali
777 2414 900 2462 sede,
938 2413 1110 2466 ejectus
1143 2411 1197 2450 de
1229 2408 1419 2449 consilio

148 2485 405 2538 impiorum,
440 2488 544 2537 post
580 2483 862 2523 diversarum
900 2479 1061 2533 plagas
1090 2478 1338 2529 virgarum,
1371 2481 1417 2514 ut

196 2680 385 2746 :Illortuoj
414 2683 554 2720 Mortui,
575 2683 615 2712 B.
782 2679 785 2726 ι
853 2677 877 2695 ²⁵
899 2675 1015 2721 Nam]
1043 2678 1152 2713 Nova,
1175 2676 1215 2706 B.
1231 2722 1259 2751 B

851 2723 877 2746 ²7
1112 2724 1128 2753 'a
1178 2734 1196 2750 υ
1264 2745 1270 2751 .

200 2726 335 2818 ιε’ἰῑῑῑὲ]
358 2730 536 2814 aa&
783 2734 785 2801 ε
850 2770 872 2789 2·
896 2721 1072 2812 {15:333}ss

1146 2819 1173 2857 :3
1196 2830 1219 2855 s:

1436 1889 1585 1920 Examples

1433 1924 1504 1947 from
1530 1923 1577 1946 the

1435 1957 1502 1980 Neu·
1525 1956 1619 1979 Testa-

1432 1992 1519 2014 ment.
