1891 3214
454 255 566 285 ΠΤΑ
600 255 769 285 SANcrl
804 256 974 285 GILDAE.
1185 248 1348 289 xxxvii

82 366 187 416 post
206 361 427 402 immensa
458 361 661 414 pericula
685 366 729 402 et
761 361 995 402 assiduum
1016 362 1216 403 laborem
1237 376 1246 413 ;
1282 376 1349 402 re-

82 432 233 468 meato
265 432 310 468 et
333 428 534 481 cupienti
566 428 746 478 habere,
774 434 823 469 ut
845 428 924 469 des
946 429 1160 469 concedo.
1234 429 1351 469 Des-

83 494 281 535 tinatum
303 500 374 536 est
403 495 522 535 enim
543 495 624 544 illi,
655 500 704 536 ut
736 495 920 544 habeat,
950 508 1007 535 ex
1031 495 1116 535 hoc
1137 496 1352 548 praesenti

84 560 336 602 miraculo.'
409 560 572 602 Gildas
593 561 749 614 itaque
779 561 1064 602 benedictam
1085 574 1354 614 campanam

51 627 257 680 5recepit
289 632 334 668 et
364 640 577 668 reversus
609 633 694 677 est,
727 633 771 668 et
793 633 1074 681 reportatam
1097 628 1142 668 S.
1172 627 1355 668 Cadoco

87 693 233 746 gratis
254 693 489 746 impendit.
570 693 777 746 Recepta
798 706 825 734 a
844 694 1053 733 manibus
1077 695 1255 734 abbatis
1287 695 1355 733 in-

55 754 60 758 ’
88 759 239 800 tonuit
255 759 378 801 illico
400 759 601 813 pulsata,
622 759 954 801 admirantibus
978 761 1168 801 cunctis.
1224 760 1357 800 Unde

90 826 310 867 remansit
351 826 560 867 omnibus
593 827 884 880 portantibus
918 840 998 880 per
1030 832 1175 868 totam
1211 825 1356 867 Gual-

88 892 198 933 liam
221 905 304 946 pro
334 892 528 946 refugio,
561 897 607 933 et
638 893 896 946 quicunque
935 906 1016 947 per
1046 893 1170 933 illam
1202 893 1358 934 illicite

32 971 74 1001 ιο
85 958 281 1013 juraret,
313 964 394 1000 aut
424 959 683 1012 privaretur
708 960 878 1012 linguae
911 958 1073 1010 officio,
1106 964 1185 1000 aut
1218 959 1358 1000 male-

91 1025 239 1066 factor
257 1025 478 1066 fateretur
495 1038 625 1066 suam
648 1026 862 1080 injuriam
884 1027 1114 1067 continuo.

162 1091 185 1145 ἓ
216 1091 258 1132 8.
292 1091 502 1132 Cadocus
534 1092 675 1132 abbas
709 1092 1114 1133 Nancarbonensis
1155 1092 1577 1150 ecclesiaeneresnic-saf

93 1158 276 1210 rogavit
297 1157 482 1198 Gildam
501 1158 732 1199 doctorem
753 1164 805 1199 ut
819 1164 995 1211 regeret
1012 1158 1211 1199 studium
1229 1159 1359 1200 scho-
1378 1139 1506 1163 manem
1515 1145 1566 1162 Μ’

94 1223 242 1264 larum
272 1237 354 1278 per
384 1225 493 1265 anni
525 1225 740 1278 spatium,
773 1230 818 1265 et
849 1230 1038 1277 rogatus
1069 1226 1189 1266 rexit
1220 1226 1360 1266 utilli-

36 1302 77 1332 15
95 1303 235 1341 mum,
257 1291 385 1331 nulla
405 1291 610 1332 mercede
641 1297 823 1344 recepta
846 1304 873 1332 a
893 1291 1175 1332 scholaribus
1194 1298 1362 1344 praeter

96 1357 328 1398 orationes
347 1357 455 1398 cleri
476 1363 521 1398 et
542 1357 831 1399 scholarium.
896 1357 987 1398 Ubi
1008 1358 1199 1411 ipsemet
1219 1359 1362 1412 scrip-

97 1423 158 1464 sit
198 1437 314 1477 opus
356 1429 554 1477 quatuor
594 1424 1011 1476 Evangelistarum‚
1052 1424 1173 1477 quod
1216 1425 1362 1466 adhuc

98 1495 303 1530 remanet
341 1490 388 1530 in
424 1490 616 1531 ecclesia
652 1490 698 1531 S.
733 1490 918 1540 Cadoci,
953 1503 1064 1531 auro
1097 1496 1141 1531 et
1172 1497 1363 1543 argento

99 1555 301 1610 undique
323 1562 603 1610 coopertum,
623 1556 680 1597 ad
712 1556 928 1598 honorem
951 1557 1039 1597 Dei
1064 1562 1109 1598 et
1130 1558 1364 1610 scriptoris

38 1637 82 1666 20
100 1622 377 1663 sanctissimi
407 1628 453 1663 et
481 1623 852 1676 Evangeliorum.
924 1623 1104 1665 Tenent
1122 1624 1365 1665 walenses

100 1688 327 1742 indigeuae
367 1689 479 1729 illud
513 1689 727 1730 volumen
764 1690 1140 1743 pretiosissimum
1174 1691 1221 1730 in
1258 1704 1364 1731 con-

96 1753 407 1808 jurationibus
440 1756 550 1806 suis,
584 1770 667 1797 nec
706 1756 875 1797 audent
908 1757 1083 1810 aperire
1116 1756 1172 1797 ad
1210 1757 1366 1797 viden-

802 1887 827 1907 ¹⁹
854 1889 1069 1929 Coopertum]
1084 1889 1138 1927 B.⁷
1152 1889 1255 1919 L'sher
1266 1901 1273 1928 ;
1283 1900 1368 1920 com-

755 1940 897 1974 pertum,
914 1935 956 1965 A.

802 1979 826 1999 ²¹
862 1981 1171 2022 conjurationilms.]
1214 1982 1259 2012 'In
1301 1982 1368 2012 like

152 1889 164 1908 ⁸
189 1889 384 1930 Guullium]
403 1890 447 1920 Β.
463 1901 471 1928 ;
489 1889 649 1927 Galliam,
667 1890 709 1920 A.

154 1934 168 1954 ⁹
184 1935 400 1977 Quia-unqua]
418 1937 480 1974 B.;
493 1936 720 1975 quicquidffi.

156 1980 181 2001 ¹⁰
201 1983 367 2023 Juraret.]
409 1984 418 1999 ‘
437 1983 627 2022 Campanas
667 1983 723 2012 ba·

102 2029 196 2070 julas
223 2028 263 2069 [i.
290 2039 318 2060 e.
344 2030 494 2069 portable
526 2029 640 2069 bells],
666 2029 723 2059 ba·
757 2038 891 2058 manner
907 2038 926 2058 a
943 2030 1053 2058 Saxon
1073 2029 1278 2067 manuscript
1296 2039 1371 2067 pre-

108 2076 202 2107 culos
229 2085 362 2115 quoque
383 2077 416 2106 in
437 2076 601 2116 superiori
629 2079 723 2114 parte

109 2126 306 2161 cameratos,
336 2131 418 2152 auro
445 2125 478 2152 et
507 2126 645 2161 argento
672 2122 723 2152 vel

110 2178 175 2200 aere
182 2172 360 2207 contectos,
370 2168 521 2207 aliasque
531 2168 723 2207 hujusmodi

110 2218 300 2245 sanctorum
331 2215 503 2253 reliquias,
540 2215 574 2244 in
606 2224 725 2253 magna

111 2261 296 2292 reverentia
315 2263 382 2290 tam
407 2261 580 2291 Hiberniae
600 2264 631 2289 et
649 2261 726 2290 Sco-

111 2308 182 2346 tiae,
213 2316 311 2346 quam
343 2310 376 2336 et
407 2306 552 2345 Walliae,
582 2306 726 2344 populus

113 2358 146 2384 et
169 2353 280 2384 clerus
303 2353 425 2383 habere
447 2352 567 2389 solent,
586 2352 670 2381 adeo
691 2357 726 2382 ut

113 2403 321 2431 sacramenta
337 2409 438 2438 super
454 2399 525 2429 haec
546 2399 643 2437 longe
661 2408 727 2428 ma-

114 2447 178 2486 gis,
209 2455 309 2485 quam
341 2455 443 2484 super
474 2444 671 2483 Evangelia,
696 2450 727 2475 et

114 2496 275 2532 praestare
302 2496 478 2522 vereantur
503 2495 534 2522 et
555 2492 728 2530 pejerare!

115 2538 248 2570 Girald.
277 2538 410 2570 Cambr.
442 2538 595 2569 ltine-rar.
632 2538 728 2567 Cam-

115 2585 209 2622 briae,
225 2585 282 2615 lib.
302 2593 325 2616 1.
341 2595 416 2624 cap.
433 2585 468 2615 ii.

163 2628 189 2650 ¹²
213 2632 384 2672 Cadocus]
404 2631 495 2662 Here
508 2640 563 2661 are
576 2629 727 2660 resumed

115 2677 171 2710 the
209 2681 356 2709 extracts
394 2678 491 2717 given
531 2678 574 2715 by
607 2677 729 2713 Fslwr,

116 2733 150 2762 p.
167 2726 243 2763 468,
258 2724 368 2755 which
385 2724 527 2764 proceed
545 2727 577 2754 to
594 2723 648 2754 the
665 2723 726 2753 end

117 2769 156 2800 os
167 2770 183 2810 ξ
201 2773 252 2801 12.

756 2075 873 2105 served
898 2075 930 2104 in
955 2074 1008 2104 the
1036 2075 1174 2114 Library
1191 2075 1227 2105 of
1241 2077 1370 2114 Corpus

758 2121 881 2152 Christi
899 2121 1047 2161 college,
1065 2121 1279 2160 Cambridge,
1292 2123 1370 2152 call-

757 2167 798 2197 ed
823 2167 912 2197 ‘The
937 2168 1009 2198 11011
1033 2168 1124 2197 Book
1143 2168 1180 2197 os
1195 2169 1309 2206 Darhy
1338 2170 1369 2198 in

758 2213 811 2243 the
847 2214 961 2244 Peake
994 2213 1030 2243 of
1057 2214 1278 2253 Darbyshire,
1307 2237 1314 2246 .
1335 2239 1341 2245 .
1362 2238 1369 2245 .

760 2269 829 2289 was
852 2259 917 2289 had
944 2261 1113 2290 sometime
1147 2261 1178 2290 in
1211 2261 1293 2290 such
1323 2271 1371 2290 rc-

760 2316 896 2335 vcrencc
930 2306 961 2335 in
994 2306 1213 2343 Darbyshire,
1245 2307 1315 2336 that
1348 2307 1371 2336 it

760 2362 829 2381 was
842 2352 1023 2390 commonly
1039 2352 1187 2382 believed
1202 2354 1270 2382 that
1282 2353 1372 2382 who-

760 2407 874 2428 soever
884 2398 1002 2428 should
1016 2408 1124 2428 swear
1138 2400 1270 2438 1111111111·
1285 2410 1370 2438 upon

760 2444 825 2474 this
842 2445 926 2474 book
946 2444 1064 2475 should
1083 2455 1143 2474 run
1162 2445 1262 2476 inad.’
1303 2447 1372 2476 An·

759 2491 852 2521 other
883 2492 1031 2521 instance
1062 2491 1099 2521 of
1126 2492 1179 2521 the
1214 2501 1373 2531 superna-

761 2537 846 2568 tiiral
875 2548 988 2576 power
1013 2538 1092 2567 with
1117 2538 1225 2568 which
1248 2540 1371 2568 certain

762 2584 866 2613 books
892 2594 980 2614 were
1006 2585 1173 2622 supposed
1202 2589 1234 2614 to
1259 2586 1297 2615 hv
1327 2586 1373 2615 in-

763 2629 887 2668 vesti-11,
912 2631 938 2660 is
962 2630 1119 2661 recordml
1145 2632 1185 2669 11)·
1212 2632 1374 2661 (ἐὴ-11111115

762 2676 987 2715 sambrensis,
1000 2677 1112 2708 Itiner.
1124 2678 1302 2715 Cambriw,
1317 2678 1373 2709 lih.

765 2732 785 2753 Ι.
804 2733 878 2762 cap.
897 2723 930 2754 ii.
