1907 3214
448 245 533 285 116
871 254 1097 283 Erls'rom
1131 254 1302 283 GlLDAE.

448 360 644 411 impura,
681 370 771 397 non
806 357 987 409 probati
1019 357 1223 405 inbono,
1257 356 1335 396 sed
1356 356 1403 396 in
1434 356 1555 396 malo
1587 368 1723 408 opere

450 424 652 479 praesciti
682 423 1012 471 ministrantes,
1053 428 1099 463 et
1136 423 1376 463 innumera
1414 422 1605 463 crimina
1640 421 1724 462 ha-

450 493 627 539 benteS,
661 502 792 530 sacro
828 489 1081 530 ministerio
1112 489 1442 530 adsciscantur.
1514 487 1724 529 Audistis

452 558 590 598 etiam
620 556 700 596 illo
728 556 815 604 die,
849 569 939 608 quo
971 555 1115 596 multo
1147 555 1330 608 dignius
1361 555 1597 608 multoque
1629 567 1725 595 rec-

453 624 544 664 tius
578 628 692 671 erat,
733 627 786 662 ut
819 622 877 662 ad
916 634 1143 662 carcerem
1185 621 1258 662 vel
1297 626 1524 662 catastam
1563 633 1726 674 poena·
1769 633 1786 659 5

453 690 558 738 lem,
591 702 728 741 quam
751 688 807 728 ad
840 689 1162 737 sacerdotium,
1195 688 1503 737 traheremini,
1527 687 1728 728 Domino

455 756 725 803 sciscitanti,
754 768 888 807 quem
919 768 967 795 se
999 768 1097 795 esse
1123 760 1340 807 putarent
1373 754 1600 807 discipuli,
1638 753 1728 794 Pe-

456 828 576 862 trum
606 821 895 874 respondisse
915 835 924 871 ;
955 820 1028 860 Tu
1050 834 1098 861 es
1123 821 1334 861 Christus
1365 821 1486 860 filius
1510 821 1599 861 Dei
1618 820 1729 868 vivi,

457 889 589 940 eique
609 888 858 927 Dominum
883 900 966 939 pro
988 887 1070 926 tali
1091 887 1376 928 confessione
1396 887 1584 935 dixisse,
1611 886 1730 926 Bea-

457 960 532 995 tus
555 967 603 994 es
635 954 793 994 Simon
826 953 1046 1006 Barjona,
1076 953 1184 1006 quia
1215 966 1321 994 caro
1352 957 1398 994 et
1427 953 1618 1006 sanguis
1639 965 1731 993 non
1753 962 1792 990 10

459 1020 683 1061 revelavit
713 1019 811 1069 tibi,
843 1019 922 1059 sed
954 1019 1097 1059 Pater
1121 1032 1265 1069 meus,
1295 1020 1373 1072 qui
1402 1020 1450 1059 in
1478 1019 1608 1060 coelis
1645 1023 1730 1059 est.

461 1087 586 1138 Ergo
607 1086 776 1126 Petrus
808 1099 836 1126 a
868 1086 969 1127 Deo
1002 1085 1142 1126 Patre
1175 1086 1353 1135 doctus,
1388 1090 1510 1126 recte
1544 1085 1732 1126 confite-

460 1158 536 1193 tur
569 1151 818 1193 Christum.
891 1152 990 1193 Vos
1012 1158 1165 1193 autem
1196 1153 1357 1193 moniti
1379 1165 1407 1192 a
1426 1157 1558 1205 patre
1580 1156 1733 1193 vestro

461 1219 644 1260 diabolo
684 1219 839 1271 inique
882 1218 1170 1259 Salvatorem
1211 1219 1343 1259 malis
1385 1218 1563 1259 actibus
1597 1218 1734 1258 dene-

462 1285 599 1338 gatis.
669 1283 796 1325 Vero
844 1284 1070 1325 sacerdoti
1118 1285 1299 1334 dicitur,
1344 1284 1418 1324 Tu
1459 1297 1507 1325 es
1550 1284 1795 1334 Petrus,15

463 1357 509 1392 et
530 1364 668 1404 super
692 1350 812 1391 hanc
834 1355 1011 1403 petram
1034 1351 1270 1391 aedificabo
1295 1350 1548 1391 Ecclesiam
1569 1363 1733 1391 meam.

464 1417 564 1459 Vos
606 1417 789 1470 quidem
829 1417 1145 1457 assimilamini
1177 1418 1275 1458 viro
1313 1417 1473 1466 stulto,
1509 1417 1587 1470 qui
1626 1416 1736 1456 aedi-

464 1484 620 1524 ficavit
651 1484 834 1524 domum
865 1496 995 1523 suam
1028 1496 1166 1536 super
1193 1496 1394 1524 arenam.
1466 1482 1736 1523 Notandum

464 1563 574 1602 ergo
606 1555 692 1599 est,
724 1550 846 1602 quod
876 1549 1196 1602 insipientibus
1227 1550 1274 1590 in
1305 1549 1577 1590 aedificanda
1602 1549 1737 1590 domo

465 1628 709 1656 arenarum
744 1615 954 1668 pendula:
992 1616 1237 1657 mobilitati
1268 1616 1494 1657 Dominus
1531 1628 1624 1656 non
1660 1629 1735 1656 co-
1755 1625 1797 1654 20

466 1687 696 1735 operetur,
735 1682 984 1722 secundum
1023 1682 1151 1732 illud,
1192 1683 1420 1723 Fecerunt
1461 1682 1547 1722 sibi
1588 1695 1736 1734 reges,

467 1754 513 1789 et
533 1762 625 1789 non
649 1762 730 1801 per
756 1762 843 1789 me.
916 1748 1173 1801 Itidemque
1195 1749 1317 1802 quod
1347 1749 1555 1802 sequitur
1578 1749 1736 1789 eadem

467 1820 604 1856 sonat
639 1815 847 1864 dicendo,
892 1815 952 1855 Et
994 1820 1140 1868 portae
1178 1815 1343 1856 inferni
1383 1829 1475 1856 non
1514 1815 1738 1868 praevale-

467 1883 598 1931 bunt,
627 1882 818 1935 ejusque
850 1888 1041 1934 peccata
1073 1882 1410 1934 intelliguntur.
1482 1882 1554 1922 De
1585 1886 1739 1922 vestra

469 1948 576 2000 quid
619 1948 843 1988 exitiabili
877 1954 1109 1990 structura
1148 1949 1512 2001 pronunciatur?
1584 1948 1738 1989 Vene-
1758 1957 1798 1986 25

468 2020 575 2054 runt
608 2014 797 2054 flumina
837 2020 882 2054 et
919 2015 1147 2056 flaverunt
1187 2015 1330 2063 venti,
1370 2019 1415 2055 et
1451 2014 1740 2067 impegerunt

468 2081 514 2120 in
557 2080 740 2120 domum
780 2080 921 2129 illam,
962 2087 1008 2123 et
1048 2081 1225 2130 cecidit,
1267 2086 1312 2121 et
1349 2079 1435 2121 fuit
1470 2080 1603 2121 ruina
1640 2081 1740 2134 ejus

467 2159 651 2199 magna.
742 2146 883 2187 Petro
923 2149 1218 2202 ejusdemque
1254 2147 1593 2188 successoribus
1631 2147 1742 2188 dicit

470 2213 713 2261 Dominus,
756 2219 801 2253 et
841 2214 923 2254 tibi
966 2215 1084 2255 dabo
1127 2215 1280 2255 claves
1323 2214 1453 2266 regni
1492 2213 1738 2264 coelorum3

472 2280 599 2319 vobis
631 2293 756 2328 vero,
788 2293 880 2320 non
901 2282 1009 2322 novi
1032 2294 1129 2330 VOS,
1162 2280 1380 2321 discedite
1402 2293 1429 2321 a
1453 2293 1525 2320 me
1546 2280 1741 2333 operarii
1760 2286 1802 2315 3⁰

467 2346 742 2397 iniquitatis,
761 2351 812 2387 ut
833 2348 1034 2400 separati
1057 2349 1255 2388 sinistrae
1278 2347 1422 2399 patris
1454 2359 1557 2386 cum
1576 2346 1741 2395 hoedis,

470 2412 585 2452 eatis
617 2413 664 2452 in
698 2413 851 2465 ignem
881 2419 1117 2454 aeternum.
1191 2414 1400 2466 Itemque
1428 2412 1551 2453 omni
1582 2418 1742 2453 sancto

468 2478 695 2519 sacerdoti
727 2480 1024 2531 promittitur,
1057 2486 1102 2521 et
1134 2492 1420 2533 quaecunque
1449 2479 1641 2519 solveris
1665 2492 1741 2518 su—

518 2640 530 2658 ²
556 2643 599 2672 Et
625 2642 818 2682 innumera]
859 2643 896 2674 V.
914 2653 921 2680 ς
955 2643 985 2672 in
1017 2644 1089 2673 uni-
1178 2640 1201 2658 ¹⁵
1228 2643 1274 2673 Tu
1291 2643 1352 2683 es.]
1371 2642 1492 2673 Matth.
1511 2642 1579 2672 xvi.
1600 2645 1661 2681 183
1685 2642 1742 2674 vii.

471 2698 578 2727 versa,
600 2690 640 2720 R.
1126 2692 1179 2726 25,
1196 2692 1249 2719 26.

519 2735 530 2749 ²⁴
557 2736 796 2775 Respondi-wa]
813 2735 934 2766 Matth.
948 2735 1015 2766 xvi.
1036 2738 1088 2773 16,
1174 2733 1199 2750 ²⁵³
1224 2735 1268 2763 Et
1284 2733 1415 2773 portam]
1435 2733 1558 2765 Matth.
1576 2733 1645 2764 xvi.
1664 2736 1716 2764 17.

472 2783 524 2819 17,
544 2783 595 2812 18.
1173 2778 1197 2795 ²⁵
1229 2775 1420 2822 Venerunt]
1440 2780 1562 2810 Matth.
1580 2780 1636 2810 vii.
1655 2782 1708 2811 25.

1173 2824 1199 2843 ³²
1224 2826 1372 2866 Sancta]
1395 2827 1466 2856 Om.
1490 2826 1530 2856 R.
