1907 3214
475 255 531 295 52
893 265 1116 294 EPISTOLA
1151 264 1323 293 GlLDAE.

477 376 587 426 quet
627 384 726 413 vos.
800 369 922 410 Nam
955 370 993 409 si
1031 368 1263 422 Josaphat
1301 368 1451 408 ferens
1490 366 1752 420 praesidium

478 439 636 491 iniquo
657 437 753 489 regi
774 437 840 476 ita
862 437 919 476 ab
941 435 970 476 J
976 435 1064 476 ehu
1095 434 1320 488 propheta
1339 432 1537 474 Ananiae
1558 433 1652 474 filio
1682 434 1753 473 in-

481 510 694 557 crepatur
730 503 924 551 dicente,
947 502 996 542 Si
1028 506 1315 554 peccatorem
1343 504 1394 540 tu
1429 499 1639 554 adjuvas,
1674 504 1754 540 aut

483 584 619 623 quem
643 570 870 610 Dominus
904 568 1001 609 odit
1034 573 1085 608 tu
1112 567 1280 620 diligis,
1312 571 1557 620 propterea
1576 566 1646 606 ira
1666 565 1755 607 Dei

482 643 552 678 est
585 650 722 690 super
760 635 1000 688 te,—quid
1038 635 1144 683 illis,
1179 634 1257 687 qui
1293 634 1488 687 propriis
1531 633 1753 673 scelerum
1796 644 1814 670 5

482 717 669 744 suorum
687 702 918 743 criniculis
933 701 1297 754 compediuntur,
1312 700 1420 740 fiet?
1446 699 1655 750 Quorum
1672 712 1755 740 nos

484 783 668 811 necesse
705 774 789 817 est,
823 769 861 808 si
896 769 943 808 in
969 769 1064 808 acie
1103 768 1349 808 Dominica
1379 767 1590 807 volumus
1623 766 1755 806 dimi-

483 850 602 886 care,
637 841 827 889 peccata
860 835 1025 884 odisse,
1060 848 1151 874 non
1185 835 1379 882 animas,
1406 833 1586 873 dicente
1623 832 1756 873 Psal-

483 904 635 951 mista,
692 901 784 951 Qui
831 901 1021 953 diligitis
1072 901 1338 949 Dominum,
1389 899 1511 940 odite
1569 899 1755 939 malum.

486 969 609 1019 Quid
642 968 698 1008 ad
731 968 983 1020 supradicti
1001 967 1030 1007 J
1036 967 1232 1019 osaphat
1256 967 1399 1006 filium
1431 978 1590 1006 currus
1612 970 1658 1006 et
1677 978 1757 1005 au-
1779 974 1819 1002 10

485 1036 586 1087 riga
620 1034 766 1075 Israel
799 1034 1023 1087 propheta
1057 1032 1237 1083 Helias,
1270 1033 1299 1074 J
1305 1046 1432 1074 oram
1467 1032 1758 1085 parricidam,

487 1102 565 1154 qui
597 1101 807 1153 egregios
841 1101 1005 1141 fratres
1042 1113 1165 1150 su()S,
1199 1105 1249 1140 ut
1276 1113 1359 1153 pro
1390 1099 1503 1152 ipsis
1528 1103 1759 1151 regnaret,

486 1168 669 1221 spurius
691 1167 953 1216 trucidavit,
975 1167 1138 1207 effatus
1161 1168 1265 1207 est?
1338 1166 1412 1206 Sic
1440 1165 1565 1215 dicit,
1594 1165 1759 1218 inquit,

488 1235 716 1275 Dominus
739 1234 866 1274 Deus
898 1234 1043 1286 patris
1078 1234 1144 1274 tui
1178 1232 1347 1274 David.
1419 1232 1487 1272 Eo
1516 1232 1638 1284 quod
1669 1245 1759 1272 non

487 1301 795 1341 ambulaveris
826 1301 874 1339 in
893 1301 969 1340 Via
987 1300 1015 1340 J
1022 1300 1217 1353 osaphat
1246 1299 1390 1352 patris
1424 1299 1508 1348 tui,
1530 1303 1576 1339 et
1605 1298 1652 1338 in
1675 1298 1762 1339 viis
1782 1306 1821 1334 15

488 1366 598 1408 Asae
617 1367 737 1419 regis
752 1366 780 1406 J
788 1366 893 1415 uda,
910 1366 989 1406 sed
1004 1366 1250 1406 ambulasti
1263 1367 1310 1406 in
1324 1366 1410 1405 viis
1424 1378 1583 1418 regum
1599 1364 1762 1414 Israel,

489 1439 534 1473 et
573 1439 800 1486 stuprose,
835 1438 887 1473 ut
920 1433 1063 1485 gessit
1101 1432 1262 1473 domus
1299 1430 1476 1480 Achab,
1517 1436 1563 1471 et
1597 1430 1763 1472 fratres

489 1505 592 1540 tuos
626 1500 743 1539 filios
765 1499 793 1539 J
800 1500 996 1552 osaphat
1028 1499 1238 1539 meliores
1270 1504 1315 1539 te
1344 1497 1630 1547 interfecisti,
1661 1510 1765 1538 ecce

492 1566 720 1607 Dominus
741 1566 965 1618 percutiet
996 1565 1136 1618 plaga
1161 1578 1330 1617 magna
1351 1569 1412 1614 te,
1437 1569 1483 1605 et
1504 1564 1621 1605 filios
1643 1568 1763 1605 tuos.

493 1633 554 1672 Et
588 1638 692 1685 post
713 1645 875 1685 pauca,
900 1632 960 1672 Et
981 1637 1031 1671 tu
1054 1632 1142 1672 eris
1163 1632 1208 1671 in
1231 1644 1402 1684 magna
1425 1631 1688 1672 valetudine
1719 1630 1765 1671 in
1785 1638 1827 1666 20

491 1699 714 1751 languore
734 1699 908 1738 ventris
931 1699 1013 1747 tui,
1035 1698 1179 1738 donec
1200 1703 1337 1739 exeat
1352 1702 1514 1739 Venter
1536 1702 1642 1738 tuus
1664 1711 1767 1738 cum

491 1766 593 1818 ipsa
611 1765 876 1805 infirmitate
899 1765 953 1805 de
973 1765 1045 1805 die
1066 1778 1123 1804 ex
1146 1765 1232 1805 die.
1296 1765 1357 1805 Et
1377 1763 1434 1804 ad
1453 1763 1591 1805 Joam
1613 1777 1767 1817 regem

495 1832 657 1881 Israel,
706 1837 757 1872 ut
799 1845 881 1872 vos
923 1832 1313 1884 derelinquentem
1354 1831 1620 1880 Dominum,
1659 1831 1767 1883 quid

495 1898 748 1939 Zacharias
780 1898 900 1938 filius
922 1899 951 1939 J
958 1898 1103 1938 oiadae
1127 1899 1247 1939 vatis
1280 1899 1481 1938 minatus
1514 1897 1589 1947 sit,
1618 1901 1766 1937 atten-

493 1965 602 2014 dite,
626 1965 704 2017 qui
735 1978 928 2016 surgens
962 1965 1133 2017 populo
1167 1964 1300 2013 dixit,
1324 1964 1443 2004 Haec
1474 1963 1584 2004 dicit
1605 1963 1766 2004 Domi·
1787 1969 1827 1997 25

494 2044 609 2081 nus3
645 2030 800 2080 Quare
834 2031 1079 2083 p1·a=teritis
1112 2036 1345 2083 praccepta
1380 2030 1568 2070 Domini
1599 2034 1644 2070 et
1676 2043 1768 2070 non

495 2097 825 2149 prosperamini
840 2099 856 2137 'f
907 2097 1030 2147 Quia
1073 2097 1378 2149 dereliquistis
1412 2095 1677 2146 Dominum,
1724 2101 1769 2137 ct

494 2163 779 2216 derelinquet
800 2177 897 2204 vos.

274 2222 463 2279 s‘ssssssssafijssm„
563 2230 584 2283 ᾖ
616 2230 687 2270 42.
737 2230 859 2280 Quid
905 2230 961 2269 de
1014 2234 1202 2270 auctore
1251 2229 1579 2282 prophetarum
1630 2229 1770 2270 Esaia

540 2370 548 2389 ¹
569 2369 640 2414 Szss]
666 2372 733 2408 Sic,
756 2372 798 2402 R.
1197 2368 1222 2387 2⁵
1239 2370 1370 2410 Diania]
1387 2373 1407 2401 2
1426 2369 1576 2408 Paralip.
1594 2370 1686 2400 xxiv.
1696 2372 1751 2402 20.

539 2417 552 2435 ³
570 2418 734 2457 Dicenttu]
760 2422 778 2447 2
811 2417 959 2456 l'aralip.
986 2418 1056 2448 xix.
1082 2421 1112 2448 2.
1196 2415 1221 2435 ²⁹
1240 2417 1371 2456 Esaia]
1397 2417 1418 2447 i.
1448 2420 1481 2456 2,
1507 2420 1539 2455 8,
1563 2419 1614 2455 10,
1640 2418 1692 2455 13,
1717 2419 1769 2455 15,

539 2464 551 2482 0
573 2465 667 2503 Nos]
696 2465 774 2499 vos,
799 2464 837 2494 13.
1152 2466 1204 2503 16,
1223 2466 1275 2502 17,
1292 2466 1414 2502 18,19,
1430 2466 1484 2501 20,
1500 2465 1554 2501 21,
1571 2465 1612 2493 23
1627 2473 1634 2500 ;
1652 2463 1687 2493 ii.
1708 2465 1768 2500 11.;

539 2511 550 2527 ⁸
568 2507 777 2551 Psalmisla]
811 2510 935 2540 l'salin.
955 2511 1041 2540 xcvi.
1065 2512 1113 2540 ll.
1150 2511 1197 2541 iii.
1219 2513 1282 2548 103
1303 2520 1333 2541 v.
1354 2512 1413 2546 11;
1433 2520 1463 2540 V.
1482 2512 1536 2547 22,
1555 2511 1609 2547 23,
1629 2512 1684 2547 24,
1704 2511 1768 2546 253

540 2553 565 2574 ¹3
584 2557 722 2596 Inquit]
748 2560 767 2586 2
796 2556 947 2595 l’aralip.
966 2557 1036 2587 xxi.
1062 2560 1115 2596 12,
1150 2557 1223 2586 xiii.
1262 2559 1294 2595 0,
1324 2559 1356 2594 7,
1382 2559 1413 2593 8,
1440 2558 1472 2594 9,
1501 2557 1549 2593 10,
1580 2557 1641 2593 11;
1675 2555 1767 2586 xxiv.

494 2605 545 2633 13.
1155 2606 1229 2641 1,2,
1248 2604 1410 2641 3,4,5,6,
1427 2604 1459 2640 7,
1476 2604 1508 2639 8,
1525 2603 1627 2639 9,10‚
1645 2603 1697 2640 11,
1718 2604 1768 2640 12,

540 2646 564 2666 ¹⁶
582 2649 674 2688 Sat]
702 2649 756 2686 Iit,
778 2649 817 2680 13.
1154 2652 1202 2688 13,
1232 2651 1284 2687 17,
1312 2650 1364 2686 18,
1386 2650 1439 2685 19,
1464 2650 1518 2685 20,
1543 2650 1597 2685 21,
1625 2651 1678 2686 22,
1703 2650 1767 2685 23;

542 2692 564 2715 ¹7
579 2696 762 2735 Stnproswu]
788 2697 843 2733 123
862 2698 996 2733 stupore
1011 2705 1058 2733 sc,
1075 2696 1113 2725 R.
1150 2696 1208 2726 lix.
1241 2698 1268 2731 1,
1286 2697 1317 2733 2,
1335 2696 1366 2733 3,
1383 2696 1415 2733 4,
1439 2696 1472 2731 (5,
1495 2696 1527 2732 7,
1545 2696 1576 2733 8,
1594 2696 1626 2734 9,
1645 2696 1697 2734 14,
1716 2696 1768 2733 15,

539 2740 565 2757 ²⁰
586 2743 626 2771 lit
642 2745 710 2781 Itos!
733 2766 739 2772 .
760 2765 766 2772 .
789 2766 794 2772 .
814 2742 894 2781 dicu]
924 2743 995 2772 Um.
1022 2742 1058 2772 V.
1153 2745 1200 2772 16.

539 2787 564 2802 '·'‘'
585 2785 726 2830 Paua-m]
746 2792 764 2818 2
786 2789 935 2826 I'aralip.
956 2789 1025 2819 xxi.
1048 2791 1096 2817 15.
