1907 3214
232 1255 316 1280 Their
330 1255 367 1280 si-

230 1296 325 1321 mony.

451 256 508 296 74
877 269 1106 299 EP1s'r0LA
1143 268 1315 298 GILDAE.

452 373 698 428 faustoque
732 374 1090 415 intolerabilium
1123 374 1410 428 piaculorum
1442 387 1593 426 coeno,
1629 380 1736 429 post

452 442 802 491 sacerdotalem,
831 443 1125 495 episcopatus
1147 442 1222 482 vel
1252 442 1541 496 presbyterii,
1563 442 1733 493 sedem,

452 509 531 561 qui
560 522 642 549 nec
668 509 835 549 ibidem
864 522 1059 562 usquam
1088 508 1320 559 sederunt,
1349 514 1510 563 utpote
1539 509 1733 563 indigni,

451 589 694 629 porcorum
730 589 855 617 more
889 577 1170 626 volutantes,
1205 581 1339 629 rapto
1371 581 1552 618 tantum
1581 590 1732 618 sacer-

452 643 597 683 dotali
627 644 825 693 nomine,
855 657 938 685 nec
974 649 1129 685 tamen
1162 649 1337 694 tenore,
1369 644 1443 685 vel
1477 644 1733 697 apostolica
1772 658 1791 686 5

451 710 679 763 dignitate
712 716 928 765 accepta3
967 712 1046 752 sed
1076 711 1154 765 qui
1182 712 1385 752 nondum
1417 712 1474 752 ad
1501 712 1732 765 integram

451 778 603 828 fidem,
627 783 735 819 sunt
767 779 840 820 vel
864 779 1087 819 malorum
1111 779 1388 832 poenitentia
1417 779 1585 829 idonei,
1617 793 1732 833 quo-

451 845 586 886 modo
619 846 676 886 ad
701 846 950 899 quemlibet
982 846 1360 896 ecclesiasticum,
1392 851 1445 887 ut
1466 859 1559 887 non
1581 846 1731 888 dicam

450 925 693 962 summum,
730 913 1072 963 convenientes,
1105 918 1151 954 et
1182 913 1337 966 adepti
1357 913 1567 967 gradum,
1596 927 1732 967 quem

451 993 544 1020 non
578 980 665 1020 nisi
698 981 848 1021 sancti
889 986 1029 1034 atque
1068 980 1275 1034 perfecti,
1317 985 1362 1021 et
1396 979 1731 1034 Apostolorum
1750 994 1791 1023 10

449 1046 721 1097 imitatoreS,
764 1052 825 1098 et,
865 1053 917 1089 ut
959 1048 1178 1101 Magistri
1213 1047 1435 1089 Gentium
1471 1048 1623 1089 verbis
1662 1049 1731 1090 lo-

451 1127 583 1167 quar,
610 1115 1031 1168 irreprehensibiles
1059 1115 1263 1168 legitime
1290 1120 1336 1156 et
1363 1116 1536 1169 absque
1560 1128 1731 1169 magno

451 1182 682 1234 sacrilegii
702 1182 889 1223 crimine
911 1182 1183 1236 suscipiunt.

523 1249 637 1303 §62
672 1248 796 1300 Quid
827 1250 947 1290 enim
979 1255 1075 1291 tam
1114 1250 1302 1303 impium
1338 1254 1524 1303 tamque
1563 1249 1730 1292 sceles-

451 1320 549 1356 tum
583 1321 668 1366 est,
698 1330 836 1370 quam
874 1318 931 1357 ad
966 1317 1312 1358 similitudinem
1343 1316 1544 1357 Simonis
1581 1318 1729 1372 Magi,
1751 1330 1789 1359 15

450 1396 541 1424 non
569 1383 980 1425 intervenientibus
1005 1384 1112 1425 licet
1141 1385 1320 1425 interea
1347 1385 1619 1438 promiscuis
1641 1387 1729 1426 cri-

448 1451 663 1502 minibus,
693 1452 986 1505 episcopatus
1015 1450 1214 1492 officium
1241 1452 1315 1493 vel
1345 1452 1617 1507 presbyterii
1636 1458 1729 1494 ter-

448 1532 559 1559 reno
599 1520 764 1572 pretio,
805 1519 927 1572 quod
965 1520 1214 1560 sanctitate
1258 1519 1487 1573 rectisque
1526 1520 1730 1562 moribus

448 1585 684 1627 decentius
722 1587 990 1639 acquiritur,
1032 1587 1293 1640 quempiam
1341 1587 1460 1628 velle
1500 1588 1726 1629 mercari?

448 1652 537 1693 Sed
565 1653 611 1693 in
644 1666 697 1694 eo
728 1654 805 1694 isti
836 1654 1108 1707 propensius
1130 1654 1203 1695 vel
1236 1654 1524 1707 desperatius
1556 1660 1727 1706 errant,
1745 1669 1791 1698 20

448 1720 570 1773 quod
618 1734 711 1761 non
753 1722 810 1761 ab
859 1720 1100 1775 Apostolis
1140 1721 1215 1762 vel
1252 1719 1584 1774 Apostolorum
1623 1736 1727 1764 suc-

447 1788 721 1837 cessoribus,
754 1788 833 1829 sed
857 1801 885 1828 a
917 1789 1127 1843 tyrannis
1160 1794 1206 1829 et
1232 1801 1259 1829 a
1283 1793 1414 1842 patre
1440 1802 1597 1829 eorum
1628 1790 1727 1832 dia-

445 1855 551 1896 bolo
584 1855 742 1896 fucata
767 1860 813 1897 et
838 1869 1074 1909 nunquam
1107 1855 1351 1910 profutura
1383 1860 1541 1897 emunt
1573 1868 1726 1898 sacer-

446 1922 599 1973 dotia3
631 1923 741 1976 quin
773 1923 928 1977 potius
957 1924 1085 1964 velut
1118 1924 1298 1964 culmen
1332 1928 1596 1977 tectumque
1627 1938 1726 1966 ma-

445 1989 592 2029 lorum
624 1990 827 2030 omnium
858 1990 1105 2044 quoddam,
1134 2004 1225 2043 quo
1260 2004 1354 2031 non
1386 1990 1520 2031 facile
1548 1991 1612 2031 eis
1639 1992 1724 2032 im·
1746 2004 1787 2033 25

445 2062 750 2109 properentur
781 2070 808 2097 a
836 2070 1068 2110 quoquam
1093 2057 1293 2098 admissa
1319 2057 1470 2111 prisca
1494 2057 1564 2098 vel
1586 2071 1723 2109 nova,

446 2127 491 2163 et
527 2123 792 2176 cupiditatis
828 2125 1041 2178 gulaeque
1073 2124 1313 2174 desideria,
1349 2129 1511 2178 utpote
1542 2138 1724 2179 praepo-

445 2190 521 2230 siti
540 2190 789 2232 multorum
806 2190 984 2232 facilius
1001 2192 1200 2245 rapiant,
1222 2192 1429 2233 scelestae
1450 2192 1558 2233 vitae
1575 2197 1724 2234 struc-

444 2261 560 2298 turae
593 2264 925 2312 superponunt.
998 2259 1123 2300 Nam
1145 2261 1183 2300 si
1204 2260 1311 2301 talis
1344 2258 1550 2313 profecto
1573 2273 1723 2301 coem-

444 2325 582 2365 tionis
614 2326 817 2367 conditio
837 2328 894 2367 ab
927 2327 1269 2380 impudentibus
1301 2327 1418 2377 istis,
1451 2340 1544 2368 non
1575 2327 1723 2368 dicam
1745 2339 1788 2368 30

444 2390 673 2446 Apostolo
723 2394 881 2443 Petro,
928 2394 1007 2435 sed
1057 2395 1244 2436 cuilibet
1295 2399 1457 2436 sancto
1496 2394 1724 2437 sacerdoti

491 2531 503 2549 ³
532 2533 702 2575 Usquam]
721 2535 832 2573 Sa‘pe,
855 2535 893 2565 V.
1152 2533 1177 2551 ²⁸
1208 2535 1322 2576 Vina]
1341 2536 1436 2574 Vice,
1454 2535 1498 2566 Β.

490 2578 502 2595 ³
527 2581 691 2622 Indigni]
717 2582 777 2619 V.;
796 2581 943 2620 indigne,
962 2583 1005 2612 Β.
1150 2580 1175 2598 ²²³
1199 2581 1413 2621 Structzwoe]
1436 2582 1658 2622 Structuram,
1681 2582 1720 2614 V.

490 2625 502 2641 ⁵
528 2628 676 2668 Tenere]
693 2629 833 2667 Tenere,
855 2629 895 2659 Β.
1148 2627 1174 2646 29
1199 2628 1453 2669 Supt’rponunt.]
1495 2628 1533 2660 V.
1563 2627 1640 2659 here
1672 2629 1722 2660 in-

489 2672 516 2691 cu
544 2675 677 2715 Errant,
693 2676 802 2716 qnod]
821 2676 905 2706 Sunt
921 2686 999 2716 quo,
1023 2676 1062 2707 V.
1080 2679 1082 2710 ζ
1100 2679 1184 2706 scrts
1216 2675 1270 2705 the
1304 2675 1426 2714 words,
1457 2674 1465 2690 ‘
1479 2678 1515 2705 ut
1547 2677 1721 2716 praepositi

489 2719 513 2738 ⁴³¹
542 2722 663 2762 Quom]
683 2724 773 2761 Quo,
795 2723 834 2753 B.
1099 2723 1260 2753 malorum
1279 2721 1415 2752 facilius
1432 2722 1591 2760 rapiant.’

489 2765 514 2782 ²¹¹⁵
539 2768 719 2810 Admissm]
736 2770 885 2807 Amissa,
906 2770 947 2800 B.
1145 2767 1169 2788 51
1196 2769 1325 2810 Petra]
1347 2769 1459 2808 Retm,
1479 2769 1522 2800 B.

489 2812 514 2834 27
544 2815 660 2855 Utlmle
679 2840 685 2847 .
700 2840 706 2847 .
721 2840 727 2847 .
747 2817 905 2857 rupiana]
927 2817 998 2848 Om.
1020 2815 1059 2847 V.
