<?xml version="1.0" encoding="UTF-8"?>
<!DOCTYPE html PUBLIC "-//W3C//DTD XHTML 1.0 Transitional//EN"
    "http://www.w3.org/TR/xhtml1/DTD/xhtml1-transitional.dtd">
<html xmlns="http://www.w3.org/1999/xhtml" xml:lang="en" lang="en">
 <head>
  <title>
</title>
<meta http-equiv="Content-Type" content="text/html;charset=utf-8" />
  <meta name='ocr-system' content='tesseract 3.04.00' />
  <meta name='ocr-capabilities' content='ocr_page ocr_carea ocr_par ocr_line ocrx_word'/>
</head>
<body>
  <div class='ocr_page' id='page_1' title='image "./gildasdeexcidiob00gilduoft_0146.png"; bbox 0 0 1907 3214; ppageno 0'>
   <div class='ocr_carea' id='block_1_1' title="bbox 455 222 1315 264">
    <p class='ocr_par' dir='ltr' id='par_1_1' title="bbox 455 222 1315 264">
     <span class='ocr_line' id='line_1_1' title="bbox 455 222 1315 264; baseline 0.003 -3"><span class='ocrx_word' id='word_1_1' title='bbox 455 222 512 263; x_wconf 78' lang='grc'>92</span> <span class='ocrx_word' id='word_1_2' title='bbox 883 234 1109 264; x_wconf 63' lang='lat' dir='ltr'>Eris&#39;rom</span> <span class='ocrx_word' id='word_1_3' title='bbox 1143 234 1315 264; x_wconf 55' lang='grc'>01110111.</span> 
     </span>
    </p>
   </div>
   <div class='ocr_carea' id='block_1_2' title="bbox 454 339 1797 2719">
    <p class='ocr_par' dir='ltr' id='par_1_2' title="bbox 456 339 1794 1061">
     <span class='ocr_line' id='line_1_2' title="bbox 456 339 1730 392; baseline 0.002 -14"><span class='ocrx_word' id='word_1_4' title='bbox 456 339 576 379; x_wconf 86' lang='grc'>0111111</span> <span class='ocrx_word' id='word_1_5' title='bbox 612 339 698 388; x_wconf 91' lang='lat' dir='ltr'>his,</span> <span class='ocrx_word' id='word_1_6' title='bbox 721 339 798 392; x_wconf 89' lang='lat' dir='ltr'>qui</span> <span class='ocrx_word' id='word_1_7' title='bbox 836 352 906 379; x_wconf 90' lang='lat' dir='ltr'>me</span> <span class='ocrx_word' id='word_1_8' title='bbox 942 339 1280 392; x_wconf 78' lang='lat' dir='ltr'>blasphemant,</span> <span class='ocrx_word' id='word_1_9' title='bbox 1317 339 1496 380; x_wconf 90' lang='lat' dir='ltr'>locutus</span> <span class='ocrx_word' id='word_1_10' title='bbox 1530 344 1600 379; x_wconf 87' lang='lat' dir='ltr'>est</span> <span class='ocrx_word' id='word_1_11' title='bbox 1634 340 1730 380; x_wconf 91' lang='lat' dir='ltr'>Do-</span> 
     </span>
     <span class='ocr_line' id='line_1_3' title="bbox 457 405 1733 459; baseline 0 -13"><span class='ocrx_word' id='word_1_12' title='bbox 457 407 623 454; x_wconf 84' lang='lat' dir='ltr'>minus,</span> <span class='ocrx_word' id='word_1_13' title='bbox 648 405 751 446; x_wconf 80' lang='lat' dir='ltr'>Pax</span> <span class='ocrx_word' id='word_1_14' title='bbox 785 406 868 446; x_wconf 90' lang='lat' dir='ltr'>erit</span> <span class='ocrx_word' id='word_1_15' title='bbox 889 406 1036 455; x_wconf 90' lang='lat' dir='ltr'>vobis,</span> <span class='ocrx_word' id='word_1_16' title='bbox 1065 411 1110 446; x_wconf 90' lang='lat' dir='ltr'>et</span> <span class='ocrx_word' id='word_1_17' title='bbox 1136 406 1363 455; x_wconf 89' lang='lat' dir='ltr'>omnibus,</span> <span class='ocrx_word' id='word_1_18' title='bbox 1385 405 1463 459; x_wconf 93' lang='lat' dir='ltr'>qui</span> <span class='ocrx_word' id='word_1_19' title='bbox 1494 406 1733 447; x_wconf 86' lang='lat' dir='ltr'>ambulant</span> 
     </span>
     <span class='ocr_line' id='line_1_4' title="bbox 458 472 1733 525; baseline 0 -13"><span class='ocrx_word' id='word_1_20' title='bbox 458 473 503 512; x_wconf 93' lang='lat' dir='ltr'>in</span> <span class='ocrx_word' id='word_1_21' title='bbox 524 473 755 525; x_wconf 80' lang='lat' dir='ltr'>pravitate</span> <span class='ocrx_word' id='word_1_22' title='bbox 774 472 924 512; x_wconf 90' lang='lat' dir='ltr'>cordis</span> <span class='ocrx_word' id='word_1_23' title='bbox 946 473 1032 522; x_wconf 90' lang='lat' dir='ltr'>sui,</span> <span class='ocrx_word' id='word_1_24' title='bbox 1049 472 1282 522; x_wconf 81' lang='lat' dir='ltr'>dixerunt,</span> <span class='ocrx_word' id='word_1_25' title='bbox 1301 472 1410 513; x_wconf 90' lang='lat' dir='ltr'>Non</span> <span class='ocrx_word' id='word_1_26' title='bbox 1426 473 1580 513; x_wconf 89' lang='lat' dir='ltr'>veniet</span> <span class='ocrx_word' id='word_1_27' title='bbox 1596 485 1733 525; x_wconf 89' lang='lat' dir='ltr'>super</span> 
     </span>
     <span class='ocr_line' id='line_1_5' title="bbox 458 538 1732 590; baseline 0.001 -12"><span class='ocrx_word' id='word_1_28' title='bbox 458 552 535 579; x_wconf 88' lang='lat' dir='ltr'>eos</span> <span class='ocrx_word' id='word_1_29' title='bbox 556 539 741 580; x_wconf 87' lang='lat' dir='ltr'>malum.</span> <span class='ocrx_word' id='word_1_30' title='bbox 815 538 932 590; x_wconf 88' lang='lat' dir='ltr'>Quis</span> <span class='ocrx_word' id='word_1_31' title='bbox 953 540 1073 580; x_wconf 91' lang='lat' dir='ltr'>enim</span> <span class='ocrx_word' id='word_1_32' title='bbox 1096 539 1226 580; x_wconf 89' lang='lat' dir='ltr'>affuit</span> <span class='ocrx_word' id='word_1_33' title='bbox 1244 540 1291 579; x_wconf 93' lang='lat' dir='ltr'>in</span> <span class='ocrx_word' id='word_1_34' title='bbox 1313 539 1504 580; x_wconf 90' lang='lat' dir='ltr'>consilio</span> <span class='ocrx_word' id='word_1_35' title='bbox 1527 539 1732 589; x_wconf 82' lang='lat' dir='ltr'>Domini,</span> 
     </span>
     <span class='ocr_line' id='line_1_6' title="bbox 458 605 1790 660; baseline 0 -14"><span class='ocrx_word' id='word_1_36' title='bbox 458 611 503 647; x_wconf 88' lang='lat' dir='ltr'>et</span> <span class='ocrx_word' id='word_1_37' title='bbox 526 606 641 646; x_wconf 86' lang='lat' dir='ltr'>vidit</span> <span class='ocrx_word' id='word_1_38' title='bbox 673 611 718 647; x_wconf 90' lang='lat' dir='ltr'>et</span> <span class='ocrx_word' id='word_1_39' title='bbox 750 606 926 647; x_wconf 88' lang='lat' dir='ltr'>audivit</span> <span class='ocrx_word' id='word_1_40' title='bbox 945 620 1201 647; x_wconf 90' lang='lat' dir='ltr'>sermonem</span> <span class='ocrx_word' id='word_1_41' title='bbox 1223 606 1360 660; x_wconf 71' lang='lat' dir='ltr'>ejus?</span> <span class='ocrx_word' id='word_1_42' title='bbox 1433 605 1550 656; x_wconf 86' lang='lat' dir='ltr'>Quis</span> <span class='ocrx_word' id='word_1_43' title='bbox 1582 606 1732 647; x_wconf 87' lang='lat' dir='ltr'>consi·</span> <span class='ocrx_word' id='word_1_44' title='bbox 1772 622 1790 648; x_wconf 89' lang='lat'>5</span> 
     </span>
     <span class='ocr_line' id='line_1_7' title="bbox 457 673 1732 722; baseline 0.001 -9"><span class='ocrx_word' id='word_1_45' title='bbox 457 673 637 713; x_wconf 86' lang='lat' dir='ltr'>deravit</span> <span class='ocrx_word' id='word_1_46' title='bbox 656 674 843 713; x_wconf 86' lang='lat' dir='ltr'>verbum</span> <span class='ocrx_word' id='word_1_47' title='bbox 865 673 987 713; x_wconf 91' lang='lat' dir='ltr'>illius</span> <span class='ocrx_word' id='word_1_48' title='bbox 1019 678 1065 714; x_wconf 91' lang='lat' dir='ltr'>et</span> <span class='ocrx_word' id='word_1_49' title='bbox 1096 673 1304 714; x_wconf 72' lang='lat' dir='ltr'>audivit?</span> <span class='ocrx_word' id='word_1_50' title='bbox 1340 673 1475 722; x_wconf 91' lang='lat' dir='ltr'>Ecce,</span> <span class='ocrx_word' id='word_1_51' title='bbox 1496 674 1631 714; x_wconf 90' lang='lat' dir='ltr'>turbo</span> <span class='ocrx_word' id='word_1_52' title='bbox 1651 673 1732 714; x_wconf 92' lang='lat' dir='ltr'>do-</span> 
     </span>
     <span class='ocr_line' id='line_1_8' title="bbox 458 740 1731 793; baseline 0 -14"><span class='ocrx_word' id='word_1_53' title='bbox 458 740 637 779; x_wconf 78' lang='lat' dir='ltr'>minicae</span> <span class='ocrx_word' id='word_1_54' title='bbox 695 740 1028 793; x_wconf 80' lang='lat' dir='ltr'>indignationis</span> <span class='ocrx_word' id='word_1_55' title='bbox 1085 740 1333 793; x_wconf 86' lang='lat' dir='ltr'>egreditur,</span> <span class='ocrx_word' id='word_1_56' title='bbox 1386 745 1431 780; x_wconf 92' lang='lat' dir='ltr'>et</span> <span class='ocrx_word' id='word_1_57' title='bbox 1482 744 1731 793; x_wconf 82' lang='lat' dir='ltr'>tempestas</span> 
     </span>
     <span class='ocr_line' id='line_1_9' title="bbox 458 807 1731 860; baseline 0.002 -14"><span class='ocrx_word' id='word_1_58' title='bbox 458 819 701 859; x_wconf 90' lang='lat' dir='ltr'>erumpens</span> <span class='ocrx_word' id='word_1_59' title='bbox 733 820 870 859; x_wconf 90' lang='lat' dir='ltr'>super</span> <span class='ocrx_word' id='word_1_60' title='bbox 901 813 1041 860; x_wconf 91' lang='lat' dir='ltr'>caput</span> <span class='ocrx_word' id='word_1_61' title='bbox 1071 807 1309 860; x_wconf 88' lang='lat' dir='ltr'>impiorum</span> <span class='ocrx_word' id='word_1_62' title='bbox 1334 807 1504 856; x_wconf 89' lang='lat' dir='ltr'>veniet,</span> <span class='ocrx_word' id='word_1_63' title='bbox 1537 820 1628 847; x_wconf 92' lang='lat' dir='ltr'>non</span> <span class='ocrx_word' id='word_1_64' title='bbox 1661 821 1731 848; x_wconf 92' lang='lat' dir='ltr'>re-</span> 
     </span>
     <span class='ocr_line' id='line_1_10' title="bbox 459 873 1732 927; baseline 0.001 -14"><span class='ocrx_word' id='word_1_65' title='bbox 459 878 663 913; x_wconf 89' lang='lat' dir='ltr'>vertetur</span> <span class='ocrx_word' id='word_1_66' title='bbox 683 873 809 913; x_wconf 89' lang='lat' dir='ltr'>suror</span> <span class='ocrx_word' id='word_1_67' title='bbox 833 873 1021 914; x_wconf 87' lang='lat' dir='ltr'>Domini</span> <span class='ocrx_word' id='word_1_68' title='bbox 1044 887 1188 926; x_wconf 89' lang='lat' dir='ltr'>usque</span> <span class='ocrx_word' id='word_1_69' title='bbox 1209 873 1316 913; x_wconf 88' lang='lat' dir='ltr'>dum</span> <span class='ocrx_word' id='word_1_70' title='bbox 1338 873 1494 922; x_wconf 89' lang='lat' dir='ltr'>saciat,</span> <span class='ocrx_word' id='word_1_71' title='bbox 1517 878 1563 914; x_wconf 86' lang='lat' dir='ltr'>et</span> <span class='ocrx_word' id='word_1_72' title='bbox 1586 887 1732 927; x_wconf 88' lang='lat' dir='ltr'>usque</span> 
     </span>
     <span class='ocr_line' id='line_1_11' title="bbox 457 939 1794 992; baseline 0.001 -13"><span class='ocrx_word' id='word_1_73' title='bbox 457 940 565 979; x_wconf 90' lang='lat' dir='ltr'>dum</span> <span class='ocrx_word' id='word_1_74' title='bbox 588 940 817 992; x_wconf 91' lang='lat' dir='ltr'>compleat</span> <span class='ocrx_word' id='word_1_75' title='bbox 833 940 1159 992; x_wconf 86' lang='lat' dir='ltr'>cogitationem</span> <span class='ocrx_word' id='word_1_76' title='bbox 1182 940 1331 981; x_wconf 90' lang='lat' dir='ltr'>cordis</span> <span class='ocrx_word' id='word_1_77' title='bbox 1354 940 1440 980; x_wconf 90' lang='lat' dir='ltr'>sui.</span> <span class='ocrx_word' id='word_1_78' title='bbox 1498 939 1555 980; x_wconf 91' lang='lat' dir='ltr'>In</span> <span class='ocrx_word' id='word_1_79' title='bbox 1578 940 1732 981; x_wconf 83' lang='lat' dir='ltr'>novis·</span> <span class='ocrx_word' id='word_1_80' title='bbox 1753 953 1794 981; x_wconf 88' lang='lat'>10</span> 
     </span>
     <span class='ocr_line' id='line_1_12' title="bbox 459 1006 1451 1061; baseline 0.001 -15"><span class='ocrx_word' id='word_1_81' title='bbox 459 1006 585 1046; x_wconf 88' lang='lat' dir='ltr'>simis</span> <span class='ocrx_word' id='word_1_82' title='bbox 607 1007 766 1047; x_wconf 86' lang='lat' dir='ltr'>diebus</span> <span class='ocrx_word' id='word_1_83' title='bbox 785 1007 1054 1059; x_wconf 88' lang='lat' dir='ltr'>intelligetis</span> <span class='ocrx_word' id='word_1_84' title='bbox 1077 1007 1316 1048; x_wconf 88' lang='lat' dir='ltr'>consilium</span> <span class='ocrx_word' id='word_1_85' title='bbox 1337 1006 1451 1061; x_wconf 88' lang='lat' dir='ltr'>ejus.</span> 
     </span>
    </p>

    <p class='ocr_par' dir='ltr' id='par_1_3' title="bbox 454 1073 1797 2719">
     <span class='ocr_line' id='line_1_13' title="bbox 528 1073 1732 1127; baseline 0.001 -14"><span class='ocrx_word' id='word_1_86' title='bbox 528 1074 549 1127; x_wconf 55' lang='grc' dir='ltr'>ξ</span> <span class='ocrx_word' id='word_1_87' title='bbox 571 1073 641 1113; x_wconf 78' lang='grc'>83.</span> <span class='ocrx_word' id='word_1_88' title='bbox 678 1073 849 1114; x_wconf 88' lang='lat' dir='ltr'>Parum</span> <span class='ocrx_word' id='word_1_89' title='bbox 875 1087 1072 1127; x_wconf 88' lang='lat' dir='ltr'>namque</span> <span class='ocrx_word' id='word_1_90' title='bbox 1093 1074 1308 1126; x_wconf 86' lang='lat' dir='ltr'>cogitatis</span> <span class='ocrx_word' id='word_1_91' title='bbox 1325 1074 1398 1115; x_wconf 87' lang='lat' dir='ltr'>vel</span> <span class='ocrx_word' id='word_1_92' title='bbox 1420 1073 1586 1122; x_wconf 79' lang='lat' dir='ltr'>facitis,</span> <span class='ocrx_word' id='word_1_93' title='bbox 1610 1073 1732 1126; x_wconf 92' lang='lat' dir='ltr'>quod</span> 
     </span>
     <span class='ocr_line' id='line_1_14' title="bbox 458 1140 1732 1193; baseline 0.002 -14"><span class='ocrx_word' id='word_1_94' title='bbox 458 1145 645 1180; x_wconf 87' lang='lat' dir='ltr'>sanctus</span> <span class='ocrx_word' id='word_1_95' title='bbox 680 1154 863 1193; x_wconf 88' lang='lat' dir='ltr'>quoque</span> <span class='ocrx_word' id='word_1_96' title='bbox 895 1141 923 1181; x_wconf 88' lang='lat' dir='ltr'><strong>J</strong></span> <span class='ocrx_word' id='word_1_97' title='bbox 930 1141 1001 1181; x_wconf 93' lang='grc'>001</span> <span class='ocrx_word' id='word_1_98' title='bbox 1034 1154 1224 1181; x_wconf 86' lang='lat' dir='ltr'>monens</span> <span class='ocrx_word' id='word_1_99' title='bbox 1253 1142 1422 1181; x_wconf 87' lang='lat' dir='ltr'>inertes</span> <span class='ocrx_word' id='word_1_100' title='bbox 1455 1140 1732 1190; x_wconf 80' lang='lat' dir='ltr'>sacerdotes,</span> 
     </span>
     <span class='ocr_line' id='line_1_15' title="bbox 458 1207 1733 1261; baseline 0.002 -15"><span class='ocrx_word' id='word_1_101' title='bbox 458 1219 511 1247; x_wconf 88' lang='lat' dir='ltr'>ac</span> <span class='ocrx_word' id='word_1_102' title='bbox 544 1207 717 1247; x_wconf 89' lang='lat' dir='ltr'>deflens</span> <span class='ocrx_word' id='word_1_103' title='bbox 750 1208 1071 1248; x_wconf 84' lang='lat' dir='ltr'>detrimentum</span> <span class='ocrx_word' id='word_1_104' title='bbox 1105 1208 1263 1261; x_wconf 89' lang='lat' dir='ltr'>populi</span> <span class='ocrx_word' id='word_1_105' title='bbox 1294 1221 1377 1261; x_wconf 90' lang='lat' dir='ltr'>pro</span> <span class='ocrx_word' id='word_1_106' title='bbox 1411 1208 1733 1261; x_wconf 88' lang='lat' dir='ltr'>iniquitatibus</span> 
     </span>
     <span class='ocr_line' id='line_1_16' title="bbox 458 1274 1793 1327; baseline 0.001 -14"><span class='ocrx_word' id='word_1_107' title='bbox 458 1287 630 1322; x_wconf 88' lang='lat' dir='ltr'>eorum,</span> <span class='ocrx_word' id='word_1_108' title='bbox 668 1274 839 1315; x_wconf 82' lang='lat' dir='ltr'>edixit:</span> <span class='ocrx_word' id='word_1_109' title='bbox 885 1275 1271 1327; x_wconf 80' lang='lat' dir='ltr'>Expergiscimini</span> <span class='ocrx_word' id='word_1_110' title='bbox 1303 1275 1381 1327; x_wconf 89' lang='lat' dir='ltr'>qui</span> <span class='ocrx_word' id='word_1_111' title='bbox 1420 1275 1530 1315; x_wconf 90' lang='lat' dir='ltr'>estis</span> <span class='ocrx_word' id='word_1_112' title='bbox 1563 1274 1675 1315; x_wconf 84' lang='lat' dir='ltr'>ebrii</span> <span class='ocrx_word' id='word_1_113' title='bbox 1707 1288 1733 1315; x_wconf 88' lang='lat' dir='ltr'>a</span> <span class='ocrx_word' id='word_1_114' title='bbox 1753 1286 1793 1314; x_wconf 84' lang='lat'>15</span> 
     </span>
     <span class='ocr_line' id='line_1_17' title="bbox 459 1341 1735 1395; baseline 0.002 -15"><span class='ocrx_word' id='word_1_115' title='bbox 459 1341 565 1381; x_wconf 79' lang='lat' dir='ltr'>vino</span> <span class='ocrx_word' id='word_1_116' title='bbox 587 1346 758 1391; x_wconf 89' lang='lat' dir='ltr'>vestro,</span> <span class='ocrx_word' id='word_1_117' title='bbox 780 1346 824 1382; x_wconf 92' lang='lat' dir='ltr'>et</span> <span class='ocrx_word' id='word_1_118' title='bbox 845 1341 1022 1394; x_wconf 86' lang='lat' dir='ltr'>plorate</span> <span class='ocrx_word' id='word_1_119' title='bbox 1056 1346 1101 1382; x_wconf 90' lang='lat' dir='ltr'>et</span> <span class='ocrx_word' id='word_1_120' title='bbox 1131 1341 1446 1382; x_wconf 84' lang='lat' dir='ltr'>lamentamini</span> <span class='ocrx_word' id='word_1_121' title='bbox 1478 1354 1634 1382; x_wconf 90' lang='lat' dir='ltr'>omnes</span> <span class='ocrx_word' id='word_1_122' title='bbox 1656 1342 1735 1395; x_wconf 90' lang='lat' dir='ltr'>qui</span> 
     </span>
     <span class='ocr_line' id='line_1_18' title="bbox 458 1408 1734 1462; baseline 0.002 -15"><span class='ocrx_word' id='word_1_123' title='bbox 458 1408 612 1448; x_wconf 85' lang='lat' dir='ltr'>bibitis</span> <span class='ocrx_word' id='word_1_124' title='bbox 636 1409 793 1448; x_wconf 88' lang='lat' dir='ltr'>vinum</span> <span class='ocrx_word' id='word_1_125' title='bbox 822 1408 869 1448; x_wconf 89' lang='lat' dir='ltr'>in</span> <span class='ocrx_word' id='word_1_126' title='bbox 900 1409 1185 1459; x_wconf 86' lang='lat' dir='ltr'>ebrietatem,</span> <span class='ocrx_word' id='word_1_127' title='bbox 1206 1409 1315 1462; x_wconf 88' lang='lat' dir='ltr'>quia</span> <span class='ocrx_word' id='word_1_128' title='bbox 1349 1408 1506 1449; x_wconf 86' lang='lat' dir='ltr'>ablata</span> <span class='ocrx_word' id='word_1_129' title='bbox 1536 1413 1645 1449; x_wconf 87' lang='lat' dir='ltr'>sunt</span> <span class='ocrx_word' id='word_1_130' title='bbox 1676 1409 1734 1449; x_wconf 87' lang='lat' dir='ltr'>ab</span> 
     </span>
     <span class='ocr_line' id='line_1_19' title="bbox 457 1475 1734 1529; baseline 0 -14"><span class='ocrx_word' id='word_1_131' title='bbox 457 1488 535 1515; x_wconf 91' lang='lat' dir='ltr'>ore</span> <span class='ocrx_word' id='word_1_132' title='bbox 556 1480 710 1515; x_wconf 81' lang='lat' dir='ltr'>vestro</span> <span class='ocrx_word' id='word_1_133' title='bbox 726 1475 996 1529; x_wconf 88' lang='lat' dir='ltr'>jucunditas</span> <span class='ocrx_word' id='word_1_134' title='bbox 1020 1480 1065 1516; x_wconf 93' lang='lat' dir='ltr'>et</span> <span class='ocrx_word' id='word_1_135' title='bbox 1085 1475 1319 1527; x_wconf 85' lang='lat' dir='ltr'>gaudium.</span> <span class='ocrx_word' id='word_1_136' title='bbox 1383 1475 1562 1528; x_wconf 90' lang='lat' dir='ltr'>Lugete</span> <span class='ocrx_word' id='word_1_137' title='bbox 1583 1488 1734 1516; x_wconf 87' lang='lat' dir='ltr'>sacer-</span> 
     </span>
     <span class='ocr_line' id='line_1_20' title="bbox 458 1542 1735 1596; baseline 0.002 -15"><span class='ocrx_word' id='word_1_138' title='bbox 458 1542 604 1590; x_wconf 86' lang='lat' dir='ltr'>dotes,</span> <span class='ocrx_word' id='word_1_139' title='bbox 629 1543 707 1594; x_wconf 91' lang='lat' dir='ltr'>qui</span> <span class='ocrx_word' id='word_1_140' title='bbox 727 1542 967 1583; x_wconf 86' lang='lat' dir='ltr'>deservitis</span> <span class='ocrx_word' id='word_1_141' title='bbox 1000 1543 1152 1592; x_wconf 86' lang='lat' dir='ltr'>altari,</span> <span class='ocrx_word' id='word_1_142' title='bbox 1173 1543 1281 1596; x_wconf 87' lang='lat' dir='ltr'>quia</span> <span class='ocrx_word' id='word_1_143' title='bbox 1309 1543 1461 1583; x_wconf 89' lang='lat' dir='ltr'>miseri</span> <span class='ocrx_word' id='word_1_144' title='bbox 1482 1542 1593 1583; x_wconf 86' lang='lat' dir='ltr'>facti</span> <span class='ocrx_word' id='word_1_145' title='bbox 1625 1546 1735 1583; x_wconf 83' lang='lat' dir='ltr'>sunt</span> 
     </span>
     <span class='ocr_line' id='line_1_21' title="bbox 456 1608 1795 1662; baseline -0.001 -13"><span class='ocrx_word' id='word_1_146' title='bbox 456 1608 621 1661; x_wconf 89' lang='lat' dir='ltr'>campi.</span> <span class='ocrx_word' id='word_1_147' title='bbox 694 1609 876 1662; x_wconf 77' lang='lat' dir='ltr'>Lugeat</span> <span class='ocrx_word' id='word_1_148' title='bbox 911 1614 1049 1659; x_wconf 86' lang='lat' dir='ltr'>terra,</span> <span class='ocrx_word' id='word_1_149' title='bbox 1070 1610 1179 1662; x_wconf 88' lang='lat' dir='ltr'>quia</span> <span class='ocrx_word' id='word_1_150' title='bbox 1211 1610 1426 1650; x_wconf 90' lang='lat' dir='ltr'>miserum</span> <span class='ocrx_word' id='word_1_151' title='bbox 1460 1608 1632 1650; x_wconf 88' lang='lat' dir='ltr'>factum</span> <span class='ocrx_word' id='word_1_152' title='bbox 1665 1613 1734 1650; x_wconf 91' lang='lat' dir='ltr'>est</span> <span class='ocrx_word' id='word_1_153' title='bbox 1753 1620 1795 1648; x_wconf 83' lang='lat'>20</span> 
     </span>
     <span class='ocr_line' id='line_1_22' title="bbox 458 1676 1734 1726; baseline 0.002 -12"><span class='ocrx_word' id='word_1_154' title='bbox 458 1676 752 1725; x_wconf 85' lang='lat' dir='ltr'>frumentum,</span> <span class='ocrx_word' id='word_1_155' title='bbox 794 1682 840 1717; x_wconf 88' lang='lat' dir='ltr'>et</span> <span class='ocrx_word' id='word_1_156' title='bbox 878 1677 1099 1717; x_wconf 88' lang='lat' dir='ltr'>siccatum</span> <span class='ocrx_word' id='word_1_157' title='bbox 1136 1681 1206 1717; x_wconf 91' lang='lat' dir='ltr'>est</span> <span class='ocrx_word' id='word_1_158' title='bbox 1245 1677 1418 1726; x_wconf 87' lang='lat' dir='ltr'>vinum,</span> <span class='ocrx_word' id='word_1_159' title='bbox 1459 1676 1734 1717; x_wconf 90' lang='lat' dir='ltr'>diminutum</span> 
     </span>
     <span class='ocr_line' id='line_1_23' title="bbox 456 1742 1733 1797; baseline 0.001 -15"><span class='ocrx_word' id='word_1_160' title='bbox 456 1747 527 1783; x_wconf 84' lang='lat' dir='ltr'>est</span> <span class='ocrx_word' id='word_1_161' title='bbox 567 1742 734 1792; x_wconf 89' lang='lat' dir='ltr'>oleum,</span> <span class='ocrx_word' id='word_1_162' title='bbox 774 1748 995 1784; x_wconf 89' lang='lat' dir='ltr'>aruerunt</span> <span class='ocrx_word' id='word_1_163' title='bbox 1033 1743 1265 1796; x_wconf 76' lang='lat' dir='ltr'>agricolae.</span> <span class='ocrx_word' id='word_1_164' title='bbox 1341 1743 1518 1796; x_wconf 89' lang='lat' dir='ltr'>Lugete</span> <span class='ocrx_word' id='word_1_165' title='bbox 1552 1755 1733 1797; x_wconf 87' lang='lat' dir='ltr'>posses-</span> 
     </span>
     <span class='ocr_line' id='line_1_24' title="bbox 455 1810 1736 1864; baseline 0.001 -15"><span class='ocrx_word' id='word_1_166' title='bbox 455 1810 608 1850; x_wconf 91' lang='lat' dir='ltr'>siones</span> <span class='ocrx_word' id='word_1_167' title='bbox 640 1823 723 1863; x_wconf 91' lang='lat' dir='ltr'>pro</span> <span class='ocrx_word' id='word_1_168' title='bbox 757 1810 910 1852; x_wconf 80' lang='lat' dir='ltr'>tritico</span> <span class='ocrx_word' id='word_1_169' title='bbox 933 1815 978 1851; x_wconf 91' lang='lat' dir='ltr'>et</span> <span class='ocrx_word' id='word_1_170' title='bbox 1001 1810 1187 1859; x_wconf 89' lang='lat' dir='ltr'>hordeo,</span> <span class='ocrx_word' id='word_1_171' title='bbox 1210 1810 1319 1864; x_wconf 89' lang='lat' dir='ltr'>quia</span> <span class='ocrx_word' id='word_1_172' title='bbox 1349 1810 1485 1863; x_wconf 90' lang='lat' dir='ltr'>periit</span> <span class='ocrx_word' id='word_1_173' title='bbox 1505 1810 1736 1851; x_wconf 88' lang='lat' dir='ltr'>vindemia</span> 
     </span>
     <span class='ocr_line' id='line_1_25' title="bbox 455 1877 1732 1929; baseline 0.001 -13"><span class='ocrx_word' id='word_1_174' title='bbox 455 1890 515 1916; x_wconf 82' lang='lat' dir='ltr'>ex</span> <span class='ocrx_word' id='word_1_175' title='bbox 537 1889 666 1929; x_wconf 86' lang='lat' dir='ltr'>agro,</span> <span class='ocrx_word' id='word_1_176' title='bbox 686 1877 794 1917; x_wconf 89' lang='lat' dir='ltr'>vitis</span> <span class='ocrx_word' id='word_1_177' title='bbox 830 1877 1034 1918; x_wconf 87' lang='lat' dir='ltr'>arefacta</span> <span class='ocrx_word' id='word_1_178' title='bbox 1068 1882 1153 1927; x_wconf 91' lang='lat' dir='ltr'>est,</span> <span class='ocrx_word' id='word_1_179' title='bbox 1176 1877 1288 1918; x_wconf 88' lang='lat' dir='ltr'>ficus</span> <span class='ocrx_word' id='word_1_180' title='bbox 1323 1877 1560 1918; x_wconf 86' lang='lat' dir='ltr'>diminutae</span> <span class='ocrx_word' id='word_1_181' title='bbox 1595 1881 1732 1918; x_wconf 90' lang='lat' dir='ltr'>sunt:</span> 
     </span>
     <span class='ocr_line' id='line_1_26' title="bbox 456 1944 1794 1997; baseline -0.001 -15"><span class='ocrx_word' id='word_1_182' title='bbox 456 1948 670 1995; x_wconf 83' lang='lat' dir='ltr'>granata,</span> <span class='ocrx_word' id='word_1_183' title='bbox 692 1949 739 1984; x_wconf 92' lang='lat' dir='ltr'>et</span> <span class='ocrx_word' id='word_1_184' title='bbox 760 1944 930 1997; x_wconf 90' lang='lat' dir='ltr'>palma,</span> <span class='ocrx_word' id='word_1_185' title='bbox 950 1949 995 1984; x_wconf 89' lang='lat' dir='ltr'>et</span> <span class='ocrx_word' id='word_1_186' title='bbox 1015 1944 1202 1993; x_wconf 88' lang='lat' dir='ltr'>malum,</span> <span class='ocrx_word' id='word_1_187' title='bbox 1224 1949 1269 1984; x_wconf 91' lang='lat' dir='ltr'>et</span> <span class='ocrx_word' id='word_1_188' title='bbox 1288 1944 1442 1984; x_wconf 88' lang='lat' dir='ltr'>omnia</span> <span class='ocrx_word' id='word_1_189' title='bbox 1472 1944 1601 1996; x_wconf 90' lang='lat' dir='ltr'>ligna</span> <span class='ocrx_word' id='word_1_190' title='bbox 1633 1944 1733 1997; x_wconf 87' lang='lat' dir='ltr'>agri</span> <span class='ocrx_word' id='word_1_191' title='bbox 1753 1953 1794 1981; x_wconf 84' lang='lat'>25</span> 
     </span>
     <span class='ocr_line' id='line_1_27' title="bbox 457 2009 1734 2063; baseline 0.001 -14"><span class='ocrx_word' id='word_1_192' title='bbox 457 2009 662 2050; x_wconf 86' lang='lat' dir='ltr'>arefacta</span> <span class='ocrx_word' id='word_1_193' title='bbox 688 2016 812 2059; x_wconf 88' lang='lat' dir='ltr'>sunt,</span> <span class='ocrx_word' id='word_1_194' title='bbox 834 2011 1051 2063; x_wconf 88' lang='lat' dir='ltr'>quoniam</span> <span class='ocrx_word' id='word_1_195' title='bbox 1084 2010 1391 2051; x_wconf 85' lang='lat' dir='ltr'>confuderunt</span> <span class='ocrx_word' id='word_1_196' title='bbox 1413 2010 1631 2062; x_wconf 87' lang='lat' dir='ltr'>gaudium</span> <span class='ocrx_word' id='word_1_197' title='bbox 1654 2010 1734 2051; x_wconf 84' lang='lat' dir='ltr'>filii</span> 
     </span>
     <span class='ocr_line' id='line_1_28' title="bbox 457 2076 1736 2131; baseline 0.002 -16"><span class='ocrx_word' id='word_1_198' title='bbox 457 2076 708 2117; x_wconf 89' lang='lat' dir='ltr'>hominum.</span> <span class='ocrx_word' id='word_1_199' title='bbox 782 2076 901 2127; x_wconf 83' lang='lat' dir='ltr'>Quae</span> <span class='ocrx_word' id='word_1_200' title='bbox 926 2077 1080 2117; x_wconf 87' lang='lat' dir='ltr'>omnia</span> <span class='ocrx_word' id='word_1_201' title='bbox 1102 2077 1404 2131; x_wconf 86' lang='lat' dir='ltr'>spiritualiter</span> <span class='ocrx_word' id='word_1_202' title='bbox 1434 2077 1736 2130; x_wconf 87' lang='lat' dir='ltr'>intelligenda</span> 
     </span>
     <span class='ocr_line' id='line_1_29' title="bbox 455 2143 1733 2197; baseline 0.002 -14"><span class='ocrx_word' id='word_1_203' title='bbox 455 2148 592 2184; x_wconf 87' lang='lat' dir='ltr'>erunt</span> <span class='ocrx_word' id='word_1_204' title='bbox 623 2143 771 2193; x_wconf 86' lang='lat' dir='ltr'>vobis,</span> <span class='ocrx_word' id='word_1_205' title='bbox 814 2158 870 2184; x_wconf 91' lang='grc'>110</span> <span class='ocrx_word' id='word_1_206' title='bbox 911 2149 1004 2185; x_wconf 86' lang='lat' dir='ltr'>tam</span> <span class='ocrx_word' id='word_1_207' title='bbox 1048 2144 1284 2197; x_wconf 87' lang='lat' dir='ltr'>pestilenti</span> <span class='ocrx_word' id='word_1_208' title='bbox 1326 2144 1445 2184; x_wconf 87' lang='lat' dir='ltr'>fame</span> <span class='ocrx_word' id='word_1_209' title='bbox 1479 2145 1607 2185; x_wconf 88' lang='lat' dir='ltr'>verbi</span> <span class='ocrx_word' id='word_1_210' title='bbox 1645 2144 1733 2185; x_wconf 89' lang='lat' dir='ltr'>Dei</span> 
     </span>
     <span class='ocr_line' id='line_1_30' title="bbox 454 2211 1734 2261; baseline 0.002 -12"><span class='ocrx_word' id='word_1_211' title='bbox 454 2211 622 2250; x_wconf 65' lang='lat' dir='ltr'>anima:</span> <span class='ocrx_word' id='word_1_212' title='bbox 643 2216 810 2251; x_wconf 78' lang='lat' dir='ltr'>vestrae</span> <span class='ocrx_word' id='word_1_213' title='bbox 844 2216 1118 2252; x_wconf 85' lang='lat' dir='ltr'>arescerent.</span> <span class='ocrx_word' id='word_1_214' title='bbox 1194 2212 1255 2252; x_wconf 84' lang='lat' dir='ltr'>Et</span> <span class='ocrx_word' id='word_1_215' title='bbox 1286 2211 1467 2261; x_wconf 90' lang='lat' dir='ltr'>iterum,</span> <span class='ocrx_word' id='word_1_216' title='bbox 1498 2211 1628 2252; x_wconf 88' lang='lat' dir='ltr'>Flete</span> <span class='ocrx_word' id='word_1_217' title='bbox 1662 2224 1734 2252; x_wconf 86' lang='lat' dir='ltr'>sa-</span> 
     </span>
     <span class='ocr_line' id='line_1_31' title="bbox 455 2278 1797 2331; baseline 0.002 -14"><span class='ocrx_word' id='word_1_218' title='bbox 455 2278 681 2327; x_wconf 75' lang='lat' dir='ltr'>cerdotes,</span> <span class='ocrx_word' id='word_1_219' title='bbox 715 2278 791 2331; x_wconf 90' lang='lat' dir='ltr'>qui</span> <span class='ocrx_word' id='word_1_220' title='bbox 825 2278 1065 2319; x_wconf 83' lang='lat' dir='ltr'>deservitis</span> <span class='ocrx_word' id='word_1_221' title='bbox 1090 2278 1306 2328; x_wconf 90' lang='lat' dir='ltr'>Domino,</span> <span class='ocrx_word' id='word_1_222' title='bbox 1329 2278 1548 2328; x_wconf 88' lang='lat' dir='ltr'>dicentes,</span> <span class='ocrx_word' id='word_1_223' title='bbox 1572 2278 1735 2328; x_wconf 85' lang='lat' dir='ltr'>Parce,</span> <span class='ocrx_word' id='word_1_224' title='bbox 1756 2292 1797 2321; x_wconf 82' lang='lat'>30</span> 
     </span>
     <span class='ocr_line' id='line_1_32' title="bbox 461 2345 1735 2398; baseline 0.001 -14"><span class='ocrx_word' id='word_1_225' title='bbox 461 2345 672 2394; x_wconf 85' lang='lat' dir='ltr'>Domine,</span> <span class='ocrx_word' id='word_1_226' title='bbox 696 2345 867 2398; x_wconf 89' lang='lat' dir='ltr'>populo</span> <span class='ocrx_word' id='word_1_227' title='bbox 901 2350 996 2395; x_wconf 85' lang='lat' dir='ltr'>tuo,</span> <span class='ocrx_word' id='word_1_228' title='bbox 1020 2350 1065 2385; x_wconf 90' lang='lat' dir='ltr'>et</span> <span class='ocrx_word' id='word_1_229' title='bbox 1088 2359 1144 2385; x_wconf 88' lang='lat' dir='ltr'>ne</span> <span class='ocrx_word' id='word_1_230' title='bbox 1166 2345 1246 2386; x_wconf 90' lang='lat' dir='ltr'>des</span> <span class='ocrx_word' id='word_1_231' title='bbox 1278 2345 1579 2386; x_wconf 91' lang='lat' dir='ltr'>hereditatem</span> <span class='ocrx_word' id='word_1_232' title='bbox 1610 2350 1735 2386; x_wconf 88' lang='lat' dir='ltr'>tuam</span> 
     </span>
     <span class='ocr_line' id='line_1_33' title="bbox 457 2412 1736 2465; baseline 0.002 -15"><span class='ocrx_word' id='word_1_233' title='bbox 457 2412 501 2451; x_wconf 87' lang='lat' dir='ltr'>in</span> <span class='ocrx_word' id='word_1_234' title='bbox 529 2413 841 2464; x_wconf 88' lang='lat' dir='ltr'>opprobrium,</span> <span class='ocrx_word' id='word_1_235' title='bbox 874 2418 920 2453; x_wconf 88' lang='lat' dir='ltr'>et</span> <span class='ocrx_word' id='word_1_236' title='bbox 953 2425 1009 2452; x_wconf 92' lang='grc'>110</span> <span class='ocrx_word' id='word_1_237' title='bbox 1046 2412 1338 2452; x_wconf 85' lang='lat' dir='ltr'>dominentur</span> <span class='ocrx_word' id='word_1_238' title='bbox 1371 2425 1526 2453; x_wconf 84' lang='lat' dir='ltr'>eorum</span> <span class='ocrx_word' id='word_1_239' title='bbox 1559 2417 1736 2465; x_wconf 84' lang='lat' dir='ltr'>genteS,</span> 
     </span>
     <span class='ocr_line' id='line_1_34' title="bbox 457 2478 1736 2531; baseline 0.002 -14"><span class='ocrx_word' id='word_1_240' title='bbox 457 2479 523 2518; x_wconf 90' lang='lat' dir='ltr'>uti</span> <span class='ocrx_word' id='word_1_241' title='bbox 556 2492 612 2518; x_wconf 89' lang='lat' dir='ltr'>ne</span> <span class='ocrx_word' id='word_1_242' title='bbox 644 2478 801 2519; x_wconf 88' lang='lat' dir='ltr'>dicant</span> <span class='ocrx_word' id='word_1_243' title='bbox 823 2484 1004 2531; x_wconf 85' lang='lat' dir='ltr'>gentes,</span> <span class='ocrx_word' id='word_1_244' title='bbox 1037 2479 1114 2519; x_wconf 85' lang='lat' dir='ltr'>ubi</span> <span class='ocrx_word' id='word_1_245' title='bbox 1146 2484 1215 2520; x_wconf 87' lang='lat' dir='ltr'>est</span> <span class='ocrx_word' id='word_1_246' title='bbox 1243 2480 1371 2520; x_wconf 89' lang='lat' dir='ltr'>Deus</span> <span class='ocrx_word' id='word_1_247' title='bbox 1403 2492 1574 2519; x_wconf 90' lang='lat' dir='ltr'>eorum.</span> <span class='ocrx_word' id='word_1_248' title='bbox 1647 2478 1736 2519; x_wconf 90' lang='lat' dir='ltr'>Sed</span> 
     </span>
     <span class='ocr_line' id='line_1_35' title="bbox 457 2544 1736 2598; baseline 0.002 -15"><span class='ocrx_word' id='word_1_249' title='bbox 457 2544 556 2584; x_wconf 71' lang='lat' dir='ltr'>hoec</span> <span class='ocrx_word' id='word_1_250' title='bbox 579 2558 661 2585; x_wconf 90' lang='lat' dir='ltr'>vos</span> <span class='ocrx_word' id='word_1_251' title='bbox 700 2559 991 2598; x_wconf 86' lang='lat' dir='ltr'>nequaquam</span> <span class='ocrx_word' id='word_1_252' title='bbox 1030 2545 1216 2595; x_wconf 82' lang='lat' dir='ltr'>auditis,</span> <span class='ocrx_word' id='word_1_253' title='bbox 1249 2545 1326 2585; x_wconf 89' lang='lat' dir='ltr'>sed</span> <span class='ocrx_word' id='word_1_254' title='bbox 1363 2546 1532 2593; x_wconf 88' lang='lat' dir='ltr'>omnia,</span> <span class='ocrx_word' id='word_1_255' title='bbox 1571 2545 1736 2598; x_wconf 87' lang='lat' dir='ltr'>quibus</span> 
     </span>
     <span class='ocr_line' id='line_1_36' title="bbox 457 2611 1796 2665; baseline 0.001 -14"><span class='ocrx_word' id='word_1_256' title='bbox 457 2612 729 2664; x_wconf 81' lang='lat' dir='ltr'>propensius</span> <span class='ocrx_word' id='word_1_257' title='bbox 767 2613 909 2653; x_wconf 85' lang='lat' dir='ltr'>divini</span> <span class='ocrx_word' id='word_1_258' title='bbox 952 2612 1120 2652; x_wconf 84' lang='lat' dir='ltr'>furoris</span> <span class='ocrx_word' id='word_1_259' title='bbox 1162 2612 1419 2665; x_wconf 80' lang='lat' dir='ltr'>indignatio</span> <span class='ocrx_word' id='word_1_260' title='bbox 1460 2611 1736 2662; x_wconf 84' lang='lat' dir='ltr'>inardescat,</span> <span class='ocrx_word' id='word_1_261' title='bbox 1757 2625 1796 2653; x_wconf 86' lang='lat'>35</span> 
     </span>
     <span class='ocr_line' id='line_1_37' title="bbox 456 2679 717 2719; baseline 0.004 -1"><span class='ocrx_word' id='word_1_262' title='bbox 456 2679 717 2719; x_wconf 77' lang='lat' dir='ltr'>admittitis.</span> 
     </span>
    </p>
   </div>
   <div class='ocr_carea' id='block_1_3' title="bbox 505 2809 1736 2854">
    <p class='ocr_par' dir='ltr' id='par_1_4' title="bbox 505 2809 1736 2854">
     <span class='ocr_line' id='line_1_38' title="bbox 505 2809 1736 2854; baseline 0.002 -13"><span class='ocrx_word' id='word_1_263' title='bbox 505 2809 529 2828; x_wconf 52' lang='grc' dir='ltr'>[ὁ</span> <span class='ocrx_word' id='word_1_264' title='bbox 546 2812 696 2851; x_wconf 60' lang='lat' dir='ltr'>Eam-ml</span> <span class='ocrx_word' id='word_1_265' title='bbox 722 2812 811 2851; x_wconf 67' lang='lat' dir='ltr'>joel,</span> <span class='ocrx_word' id='word_1_266' title='bbox 829 2812 849 2841; x_wconf 90' lang='lat' dir='ltr'>i.</span> <span class='ocrx_word' id='word_1_267' title='bbox 869 2815 900 2852; x_wconf 83' lang='lat'>5,</span> <span class='ocrx_word' id='word_1_268' title='bbox 917 2815 949 2850; x_wconf 78' lang='lat'>9,</span> <span class='ocrx_word' id='word_1_269' title='bbox 970 2814 1018 2842; x_wconf 79' lang='lat'>10.</span> <span class='ocrx_word' id='word_1_270' title='bbox 1112 2809 1118 2854; x_wconf 84' lang='grc' dir='ltr'>Ι</span> <span class='ocrx_word' id='word_1_271' title='bbox 1155 2810 1180 2830; x_wconf 75' lang='lat'>²2</span> <span class='ocrx_word' id='word_1_272' title='bbox 1190 2812 1313 2850; x_wconf 61' lang='lat' dir='ltr'>Luget«</span> <span class='ocrx_word' id='word_1_273' title='bbox 1327 2836 1333 2843; x_wconf 89' lang='lat'>.</span> <span class='ocrx_word' id='word_1_274' title='bbox 1348 2836 1355 2844; x_wconf 80' lang='grc'><strong>.</strong></span> <span class='ocrx_word' id='word_1_275' title='bbox 1371 2836 1377 2842; x_wconf 92' lang='grc'><em>.</em></span> <span class='ocrx_word' id='word_1_276' title='bbox 1392 2811 1598 2852; x_wconf 43' lang='lat' dir='ltr'>arescerent]</span> <span class='ocrx_word' id='word_1_277' title='bbox 1617 2812 1736 2843; x_wconf 83' lang='lat' dir='ltr'>0m.V.</span> 
     </span>
    </p>
   </div>
  </div>
 </body>
</html>
