1907 3214
474 263 531 302 5ss
898 273 1125 303 Effls'roLA
1158 274 1330 302 GILDAE.

475 377 653 418 sonitus
686 378 960 427 laetantium,
1001 379 1279 418 conticescet
1312 376 1504 417 dulcedo
1541 376 1747 426 citharae,

477 457 578 484 cum
611 445 791 484 cantico
823 458 915 484 non
947 445 1105 485 bibent
1123 445 1296 493 vinum,
1329 456 1486 483 amara
1518 444 1604 484 erit
1622 444 1749 496 potio

477 511 738 550 bibentibus
773 510 913 551 illam.
985 509 1163 551 Attrita
1204 516 1274 551 est
1315 511 1478 550 civitas
1511 511 1748 559 vanitatis,

478 577 637 617 clausa
668 582 737 618 est
769 578 915 617 omnis
938 578 1116 627 domus,
1137 577 1263 617 nullo
1294 577 1570 617 introeunte.
1643 575 1749 616 Cla-

478 657 577 684 mor
598 644 684 684 erit
711 657 848 696 super
868 645 975 684 vino
1005 645 1052 684 in
1083 644 1264 697 plateiS,
1292 644 1474 684 deserta
1505 648 1575 683 est
1605 643 1751 683 omnis
1791 656 1809 683 5

479 710 658 760 laetitia,
680 711 955 751 translatum
977 716 1046 751 est
1067 711 1284 763 gaudium
1317 716 1468 759 terrae,
1490 709 1651 750 relicta
1682 714 1752 750 est

481 777 527 816 in
563 777 674 817 urbe
707 777 921 827 solitudo,
957 783 1002 817 et
1034 778 1273 817 calamitas
1316 777 1543 830 opprimet
1577 781 1751 828 portas,

480 843 588 895 quia
621 843 718 883 haec
741 850 875 884 erunt
906 845 952 884 in
986 844 1134 884 medio
1158 849 1308 892 terrae,
1331 849 1376 883 et
1409 844 1452 883 in
1490 842 1638 883 medio
1670 856 1751 896 po-

479 908 705 962 pulorum.
778 910 839 950 Et
876 915 981 962 post
1022 922 1186 962 pauca,
1227 910 1595 949 Praevaricantes
1634 923 1752 962 prae-

481 976 675 1016 varicati
706 981 830 1025 sunt,
863 982 909 1017 et
940 976 1321 1029 praevaricatione
1362 982 1754 1028 transgressorum
1774 987 1814 1014 10

480 1043 773 1095 praevaflcati
805 1048 926 1084 sunt.
993 1043 1224 1093 Formido,
1248 1048 1294 1084 et
1314 1042 1476 1092 foveae,
1497 1048 1543 1083 et
1563 1042 1754 1095 laqueus

481 1123 619 1162 super
654 1115 714 1159 te,
753 1110 831 1162 qui
866 1110 1098 1151 habitator
1140 1123 1187 1150 es
1234 1115 1383 1151 terrae.
1456 1109 1517 1150 Et
1549 1110 1634 1150 erit
1677 1111 1756 1162 qui

480 1175 652 1227 sugerit
673 1188 699 1215 a
721 1189 833 1216 voce
860 1176 1114 1217 formidinis
1149 1176 1281 1217 cadet
1312 1177 1359 1216 in
1392 1176 1588 1226 foveam,
1611 1181 1656 1216 et
1677 1177 1755 1229 qui

482 1255 530 1282 se
563 1243 865 1295 explicaverit
898 1243 953 1283 de
986 1243 1120 1284 fovea
1154 1244 1384 1284 tenebitur
1421 1243 1613 1295 laque03
1648 1244 1756 1296 quia

482 1313 728 1349 cataractae
775 1309 830 1350 de
875 1311 1070 1350 excelsis
1113 1316 1285 1363 apertae
1322 1315 1472 1359 erunt,
1509 1315 1554 1350 et
1587 1323 1754 1351 concu-
1774 1325 1814 1352 15

482 1376 654 1416 tientur
692 1374 992 1417 fundamenta
1032 1382 1182 1418 terrae.
1267 1376 1592 1417 Confractione
1647 1390 1756 1418 con-

480 1442 709 1494 fringetur
748 1448 886 1492 terra,
915 1444 1218 1484 commotione
1250 1444 1626 1493 commovebitur,
1658 1445 1756 1497 agi-

482 1509 656 1549 tatione
690 1510 943 1561 agitabitur
974 1511 1092 1551 sicut
1114 1511 1281 1560 ebrius,
1303 1515 1348 1550 et
1370 1510 1604 1550 auferetur
1625 1512 1756 1563 quasi

484 1576 830 1615 tabernaculum
863 1577 998 1616 unius
1032 1577 1197 1626 noctis,
1220 1582 1265 1617 et
1296 1577 1509 1629 gravabit
1536 1590 1636 1617 eam
1669 1577 1756 1617 ini-

483 1642 636 1693 quitas
657 1655 756 1691 sua,
779 1647 824 1682 et
846 1648 1042 1692 corruet,
1066 1648 1111 1683 et
1133 1656 1223 1683 non
1245 1643 1432 1697 adjiciet
1458 1648 1511 1684 ut
1529 1649 1755 1697 resurgat.
1774 1657 1817 1685 20

484 1708 545 1748 Et
571 1709 656 1748 erit
688 1709 735 1748 in
769 1709 840 1749 die
862 1710 957 1759 illa,
980 1710 1184 1750 visitabit
1207 1710 1434 1750 Dominus
1470 1724 1607 1764 super
1638 1710 1756 1751 mili-

484 1775 596 1814 tiam
634 1775 739 1815 coeli
770 1776 817 1815 in
854 1776 1053 1826 excelso,
1092 1782 1138 1817 et
1172 1789 1310 1829 super
1344 1790 1475 1829 reges
1512 1782 1645 1817 terrae
1678 1778 1757 1830 qui

482 1846 591 1881 sunt
612 1854 750 1895 super
769 1847 938 1883 terram
955 1857 965 1895 ;
1000 1848 1045 1884 et
1073 1844 1479 1896 congregabuntur
1498 1843 1546 1883 in
1564 1857 1756 1897 congre-

481 1908 716 1960 gationem
739 1910 874 1949 unius
897 1910 1033 1950 fascis
1066 1910 1112 1950 in
1144 1910 1309 1960 lacum,
1334 1915 1380 1951 et
1401 1910 1673 1952 claudentur
1693 1912 1756 1952 ibi

482 1975 528 2013 in
571 1988 816 2025 carcerem,
857 1982 900 2016 et
941 1982 1046 2028 post
1082 1977 1251 2017 multos
1289 1977 1385 2017 dies
1427 1977 1752 2019 visitabuntur.
1773 1988 1814 2016 25

484 2040 544 2080 Et
565 2042 803 2082 erubescet
821 2042 946 2091 luna,
967 2048 1012 2082 et
1034 2042 1340 2083 confundetur
1361 2043 1444 2092 sol,
1465 2056 1568 2083 cuni
1591 2057 1755 2096 regna-

482 2108 599 2147 verit
632 2108 859 2148 Dominus
891 2109 1175 2149 exercituum
1207 2110 1253 2149 in
1285 2115 1440 2150 monte
1472 2109 1598 2160 Sion,
1631 2116 1675 2151 et
1707 2110 1755 2151 in

480 2172 738 2215 Jerusalem
759 2189 767 2226 ;
804 2180 849 2216 ct
875 2176 920 2215 in
948 2181 1196 2229 conspectu
1219 2189 1379 2216 senum
1401 2189 1587 2218 suorum
1618 2177 1756 2219 fuerit

477 2241 776 2292 glorificatus.

549 2308 570 2360 ᾗ
612 2308 683 2349 46.
730 2309 791 2350 Εῖ
841 2315 945 2362 post
983 2309 1223 2363 aliquanta
1274 2310 1500 2352 rationem
1544 2311 1753 2362 reddens,
1774 2326 1814 2355 30

479 2376 775 2426 quamobrem
796 2377 909 2417 talia
936 2377 1203 2427 minaretur,
1224 2376 1290 2417 ita
1311 2377 1391 2428 ait,
1416 2378 1550 2427 Ecce,
1573 2391 1664 2419 non
1684 2384 1755 2420 est

479 2442 748 2483 abbreviata
787 2456 948 2483 manus
994 2443 1197 2493 Domini,
1230 2449 1281 2484 ut
1311 2444 1492 2485 salvare
1524 2450 1751 2498 nequeat3

480 2521 626 2559 neque
650 2515 906 2559 aggravata
938 2515 1007 2550 est
1042 2511 1166 2550 auris
1195 2510 1309 2563 ejus*,
1332 2516 1383 2551 ut
1404 2524 1494 2551 non
1515 2511 1749 2553 exaudiat.

479 2574 565 2613 sod
618 2575 885 2627 iniquitates
921 2582 1083 2616 vesti-w
1126 2577 1381 2617 diviserunt
1424 2577 1543 2617 inter
1579 2591 1662 2618 vos
1705 2583 1751 2619 et

480 2640 629 2680 Deum
651 2647 883 2693 vcstrum3
923 2648 967 2683 et
1000 2649 1190 2696 peccata
1226 2648 1379 2683 vestra
1413 2644 1751 2686 absconderunt
1771 2658 1810 2686 35

479 2707 638 2747 liuticm
667 2708 766 2762 ejus
799 2723 826 2749 a
848 2710 992 2759 vobis,
1017 2724 1071 2749 ne
1102 2709 1355 2750 exaudiret.
1428 2710 1597 2750 Manus
1629 2711 1749 2752 enim

480 2780 642 2814 vestrae
668 2776 854 2827 polluta·
878 2782 983 2817 sunt
1007 2776 1246 2828 sanguine,
1268 2780 1311 2815 ct
1335 2775 1467 2829 digiti
1492 2778 1631 2819 vestri
1662 2777 1748 2818 ini-
