1891 3214
556 249 783 279 EPISTOLA
816 250 988 280 cnioffi.
1329 244 1409 284 lll

141 358 299 407 specta
346 353 520 407 ingenii
578 354 722 394 nostri
780 354 994 407 cymbula
1053 354 1409 398 fluctuabimur?

143 419 397 461 Recurrere
424 421 671 473 aliquando
703 420 887 461 tandem
909 434 1053 474 usque
1085 422 1142 462 ad
1170 422 1412 463 Lectiones

141 486 244 527 illas
275 485 402 542 (quae
436 487 494 527 ad
526 486 611 527 hoe
647 500 739 527 non
769 487 916 527 solum
951 493 1002 527 ut
1032 488 1294 538 recitentur,
1331 490 1410 530 sed

140 553 278 594 etiam
311 553 649 606 adstipulentur
686 553 1004 602 benedictioni,
1043 567 1135 606 qua
1171 555 1413 596 initiantur

103 633 122 660 5
141 619 427 660 sacerdotum
455 619 527 660 vel
556 620 866 659 ministrorum
902 633 1080 670 manuS,
1112 634 1280 674 eosque
1309 636 1410 675 per-

140 691 280 739 petuo
316 686 527 735 doceant,
565 686 633 726 uti
663 699 719 725 ne
748 698 776 725 a
807 685 1052 734 mandatis,
1080 700 1182 739 quae
1220 688 1412 728 fideliter

140 752 435 793 continentur
472 752 520 791 in
561 752 642 801 eis,
683 752 956 792 sacerdotali
1002 752 1228 804 dignitate
1273 754 1408 805 degre-

140 823 354 859 nei-antes
372 818 602 867 recedant,
623 831 682 859 ex
696 819 819 858 omni
835 831 950 871 pene
972 824 1234 859 sanctarum
1257 820 1408 873 Scrip-

141 889 349 925 turarum
381 890 515 926 textu
545 885 706 925 merito
746 891 975 937 excerptae
1011 883 1158 939 sunt,)
1200 900 1408 927 necessa-

83 963 124 990 ιο
142 951 257 991 rium
285 951 514 1000 duximus,
546 956 597 991 ut
625 952 827 1004 apertius
849 952 1025 991 cunctis
1056 957 1213 1004 pateat
1237 958 1409 993 {eterna

142 1018 368 1070 supplicia
407 1031 624 1058 mansura
662 1030 756 1067 eos,
798 1023 843 1058 et
882 1031 972 1058 non
1012 1031 1111 1057 esse
1149 1019 1409 1059 sacerdotes

141 1084 215 1125 vel
246 1084 345 1134 ‚Dei
382 1084 630 1133 ministros,
677 1085 754 1136 qui
793 1097 950 1124 earum
996 1084 1228 1124 doctrinas
1271 1092 1409 1138 atque

141 1150 361 1191 mandata
391 1164 528 1204 opere
561 1151 809 1190 secundum
849 1151 968 1190 vires
1001 1163 1108 1190 suas
1141 1165 1231 1191 non
1266 1152 1409 1192 adim-

141 1216 398 1269 pleverunt.
468 1215 725 1257 Audiamus
750 1230 859 1269 ergo
887 1216 995 1269 quid
1027 1217 1236 1270 princeps
1262 1217 1409 1270 Apos-

84 1295 124 1324 15
142 1283 338 1324 tolorum
372 1283 539 1324 Petrus
575 1283 631 1323 de
670 1283 752 1323 tali
793 1284 978 1335 negotio
1013 1284 1281 1334 signaverit,
1319 1285 1408 1324 Be-

142 1349 365 1399 nedictus,
398 1350 625 1402 inquienS,
655 1349 782 1389 Deus
813 1355 858 1389 et
885 1355 1015 1401 pater
1046 1350 1232 1389 Domini
1264 1351 1408 1391 nostri

141 1414 257 1456 Jesu
303 1416 491 1464 Christi,
537 1416 614 1468 qui
663 1429 744 1468 per
791 1428 1004 1467 magnam
1054 1416 1406 1457 misericordiam

141 1494 273 1522 suam
302 1483 590 1535 regeneravit
621 1495 704 1522 nos
731 1482 778 1521 in
806 1495 932 1534 spem
963 1482 1069 1522 vitae
1095 1488 1296 1531 aeternae,
1329 1497 1409 1535 per

143 1549 520 1590 resurrectionem
561 1561 588 1588 a
633 1548 824 1588 mortuis
864 1548 1050 1588 Domini
1102 1549 1246 1589 nostri
1294 1549 1318 1588 ,Ι
1329 1563 1409 1589 esu

82 1625 124 1655 20
146 1614 333 1664 Christi,
367 1615 415 1655 in
450 1614 748 1655 hereditatem
784 1614 1190 1668 incorruptibilem,
1229 1615 1411 1656 immar-

144 1681 417 1731 cescibilem,
478 1681 903 1730 incontaminatam,
974 1686 1291 1721 conservatam
1365 1683 1411 1721 in

145 1747 275 1788 coelis
320 1747 369 1788 in
412 1760 511 1797 vos,
558 1747 635 1800 qui
678 1748 725 1787 in
768 1747 937 1787 virtute
977 1747 1064 1787 Dei
1105 1748 1410 1789 custodimini.

146 1812 302 1864 Quare
348 1814 467 1854 enim
509 1813 778 1866 insipienter
818 1826 845 1853 a
886 1813 1016 1853 vobis
1060 1814 1260 1854 violatur
1307 1814 1412 1854 talis

144 1879 390 1930 hereditas,
431 1893 534 1933 quae
574 1894 665 1920 non
708 1880 825 1920 sicut
865 1885 1046 1919 terrena
1087 1880 1292 1929 decidua,
1333 1881 1411 1920 sed

194 2061 204 2081 ¹
231 2063 415 2104 Cymbala]
440 2064 478 2094 V.
495 2074 502 2101 ς
521 2064 646 2102 cibula,
665 2063 707 2094 R.
799 2062 946 2100 antiquis
962 2062 1045 2093 eccl.
1064 2062 1209 2101 Ritibus,
1233 2062 1266 2092 ii.
1285 2066 1337 2101 22,
1359 2066 1412 2101 23,

194 2107 204 2127 ¹
230 2109 505 2150 Fluctuabimur]
531 2110 763 2147 Fluctuamus,
800 2110 852 2144 32,
886 2111 939 2146 36,
970 2111 1024 2145 -20,
1055 2111 1109 2145 ΔΗ,
1148 2111 1202 2146 46,
1233 2112 1291 2139 etc.
1331 2109 1410 2140 odit.

154 2156 193 2187 V,
802 2154 942 2184 Bassam.
991 2154 1060 2183 The
1078 2158 1144 2184 two
1169 2154 1311 2184 Les-sons
1328 2156 1410 2185 used

195 2199 208 2217 ²
233 2201 438 2241 Recurrere.]
462 2201 543 2230 This
565 2204 718 2231 sentence
736 2202 763 2230 is
801 2210 888 2238 upon
905 2200 958 2229 the
975 2200 1128 2230 occasion
1152 2201 1194 2237 by
1213 2201 1266 2229 the
1285 2201 1409 2231 uritish

149 2247 381 2286 considerably
398 2247 593 2285 transposed
613 2248 642 2276 in
669 2248 706 2277 1⁷.
800 2246 946 2283 Church,
985 2246 1142 2285 (namely.
1182 2246 1274 2275 those
1309 2247 1408 2277 taken

196 2293 210 2312 ³
233 2294 453 2334 Recstentun]
478 2294 517 2324 Γ.
534 2304 542 2332 ;
573 2294 764 2331 rccitamur,
799 2291 879 2321 from
897 2292 951 2321 the
971 2292 1056 2321 l'irst
1072 2292 1136 2321 and
1153 2292 1280 2321 second
1299 2293 1410 2331 Chap-

150 2341 184 2371 B
799 2342 864 2368 ters
891 2338 928 2368 of
948 2338 1002 2367 the
1030 2338 1117 2367 First
1143 2338 1270 2376 Epistlc
1298 2338 1334 2368 of
1361 2341 1408 2370 St.

198 2385 208 2402 ⁴
233 2385 456 2416 Benedictioui
489 2410 496 2417 .
530 2408 538 2416 .
573 2409 580 2416 .
620 2381 761 2427 numum]
803 2385 927 2421 Potens*
945 2394 1000 2414 «ιι-ι’
1019 2389 1073 2414 not
1090 2384 1143 2414 the
1157 2394 1246 2413 sanie
1263 2394 1299 2413 as
1316 2385 1408 2414 thos·-

152 2433 247 2463 From
264 2432 343 2470 thiS,
367 2433 432 2462 and
449 2443 468 2462 a
491 2442 634 2471 passage
653 2432 761 2461 which
800 2431 989 2469 prvsvribvd
1030 2431 1069 2469 by
1111 2430 1164 2460 the
1205 2431 1338 2460 (burch
1377 2431 1414 2461 of

149 2479 220 2509 will
244 2478 411 2518 presently
428 2489 540 2516 occur,
565 2489 616 2507 we
641 2479 717 2517 gain
744 2489 762 2508 a
802 2477 914 2507 Rome.

149 2525 214 2556 few
232 2525 320 2555 hints
336 2535 425 2564 upon
450 2525 504 2555 the
523 2524 636 2555 Ritual
660 2524 696 2553 of
710 2524 762 2554 ίΙιυ
848 2521 870 2540 ¹⁵
897 2523 1045 2562 Parma]
1067 2522 1192 2552 Beatus
1213 2523 1348 2560 Pon-us,
1372 2523 1409 2553 Γ.

149 2572 242 2610 early
260 2571 387 2602 British
413 2571 563 2609 Church,
587 2572 618 2601 in
643 2571 760 2606 regan}
792 2579 795 2583 ·
847 2567 871 2587 ¹⁶
897 2569 1073 2609 Inqtzivum]
1106 2572 1119 2598 l
1149 2569 1222 2599 Pet.
1252 2569 1273 2599 i.
1303 2572 1334 2607 3,
1361 2572 1411 2607 13,

149 2621 183 2648 to
199 2618 254 2648 the
270 2619 497 2649 consecration
514 2618 551 2647 of
572 2618 612 2647 its
630 2618 762 2655 priests.
802 2618 813 2645 l
828 2619 852 2652 Ι,
868 2619 909 2646 22
924 2627 930 2651 ;
949 2617 982 2646 ii.
1004 2618 1033 2653 1,
1050 2618 1080 2645 9.

149 2664 359 2703 Concerning
382 2664 437 2695 the
459 2674 563 2703 usage
580 2663 617 2694 os
636 2664 761 2693 anoint-
845 2660 870 2679 ²³
898 2662 1021 2701 12'11i111.]
1042 2661 1136 2691 Enim
1154 2665 1232 2697 tam,
1258 2661 1294 2690 V.

149 2711 206 2749 ing
223 2710 278 2741 the
301 2710 408 2741 hands
427 2710 464 2741 os
483 2711 537 2740 the
563 2711 664 2748 priest
682 2709 760 2739 with
845 2706 868 2724 ²¹
898 2708 1039 2738 Dccidum
1068 2731 1075 2738 .
1096 2731 1103 2738 .
1125 2731 1131 2737 .
1163 2706 1313 2746 ceterum]
1350 2706 1410 2744 1’.;

149 2757 362 2788 consecrated
378 2757 436 2795 oil,
452 2767 506 2787 sce
525 2757 690 2794 Mai-tenc,
711 2756 762 2786 De
798 2764 857 2785 nm.
882 2755 922 2784 B.
