1907 3214
454 259 512 300 90
879 271 1106 301 EPlSTOLA
1139 271 1312 302 GILDAE.

456 377 516 418 Et
538 377 717 427 iterum,
741 377 914 418 Omnes
936 377 1011 418 isti
1032 377 1262 431 principes
1282 375 1610 417 declinantium
1631 388 1726 417 am-

455 444 666 485 bulantes
688 444 1018 493 fraudulenter,
1040 456 1104 484 aes
1133 448 1178 484 et
1202 443 1388 493 ferrum,
1407 442 1609 484 universi
1628 456 1727 484 cor-

455 511 577 564 rupti
609 515 733 561 sunt,
767 510 934 551 defecit
968 510 1269 551 sufflatorium
1306 509 1353 550 in
1393 509 1516 562 igne,
1558 509 1730 550 frustra

455 577 673 619 conflavit
723 577 964 627 conflator,
1012 577 1200 618 malitiae
1240 581 1393 617 autem
1437 589 1593 617 eorum
1635 589 1728 617 non

455 649 564 685 sunt
597 648 866 694 consumme,
903 649 1145 697 argentum
1177 644 1419 697 reprobum
1440 647 1603 684 vocate
1634 655 1728 693 eos,
1769 653 1788 681 5

456 711 564 763 quia
584 711 811 752 Dominus
832 711 1028 765 projecit
1049 710 1168 751 illos.
1240 710 1301 751 Et
1317 715 1422 763 post
1442 722 1603 764 pauca,
1625 709 1728 762 Ego

455 790 573 827 sum,
606 778 707 831 Ego
738 791 854 818 sum.
927 777 1028 830 Ego
1050 777 1159 827 vidi,
1194 776 1304 818 dicit
1338 777 1581 818 Dominus.
1655 776 1728 817 Ite

455 845 513 884 ad
554 845 703 885 locum
743 857 893 884 meum
933 843 981 884 in
1018 844 1129 894 Silo,
1170 843 1248 884 ubi
1293 843 1520 885 habitavit
1561 856 1727 883 nomen

455 924 605 951 meum
654 924 682 951 a
728 910 981 963 principi03
1039 915 1085 950 et
1124 909 1275 951 videte
1315 922 1418 962 quae
1465 909 1646 950 fecerim
1687 910 1729 950 ei

455 982 643 1030 propter
680 977 903 1017 malitiam
942 976 1099 1030 populi
1136 976 1225 1017 mei
1263 976 1426 1017 Israel.
1498 976 1560 1017 Et
1590 989 1727 1026 nunc,
1747 984 1789 1012 10

455 1044 563 1097 quia
598 1043 770 1084 fecistis
807 1043 961 1084 omnia
1001 1056 1141 1097 opera
1179 1043 1294 1093 haec,
1330 1043 1440 1084 dicit
1472 1043 1726 1095 Dominus3

454 1116 500 1151 et
536 1111 716 1151 locutus
757 1124 857 1151 sum
892 1111 947 1151 ad
980 1123 1062 1151 vos
1100 1123 1232 1151 mane
1268 1123 1550 1163 consurgens
1581 1114 1627 1151 et
1659 1110 1726 1151 lo-

455 1190 599 1230 quens
636 1182 681 1218 et
714 1191 805 1218 non
838 1177 1047 1227 audistis,
1080 1182 1125 1218 et
1147 1177 1310 1219 vocavi
1343 1190 1424 1219 vos
1455 1182 1501 1218 et
1533 1190 1626 1219 non
1657 1190 1727 1218 re-

454 1244 741 1297 spondistis3
794 1244 959 1285 faciam
999 1243 1154 1285 domui
1200 1243 1321 1294 huic,
1364 1244 1412 1284 in
1463 1256 1554 1297 qua
1596 1242 1727 1285 invo—

454 1316 609 1351 catum
655 1316 725 1351 est
755 1324 921 1351 nomen
956 1324 1105 1351 meum
1149 1315 1194 1351 et
1228 1311 1275 1350 in
1309 1323 1400 1363 qua
1430 1323 1514 1351 vos
1550 1310 1728 1351 habetis
1748 1318 1787 1346 15

456 1377 682 1427 fiduciam,
701 1382 746 1418 et
766 1377 883 1427 loco,
904 1391 1037 1430 quem
1059 1377 1161 1418 dedi
1184 1377 1314 1418 vobis
1331 1382 1376 1418 et
1396 1377 1603 1430 patribus
1625 1390 1728 1418 ves-

456 1444 554 1494 tris,
577 1445 695 1485 sicut
712 1444 798 1485 feci
820 1444 931 1494 Silo,
953 1449 996 1485 et
1017 1443 1255 1498 projiciam
1276 1457 1359 1484 vos
1381 1456 1408 1484 a
1428 1443 1543 1484 facie
1566 1456 1682 1485 mea.

523 1511 545 1565 ξ
565 1511 636 1552 81.
658 1511 719 1552 Et
737 1511 918 1561 iterum,
942 1511 1047 1552 Filii
1071 1511 1159 1551 mei
1179 1510 1391 1551 exierunt
1413 1523 1441 1551 a
1459 1523 1547 1560 me,
1568 1515 1613 1552 et
1635 1523 1727 1551 non

453 1579 738 1629 subsistunt;
773 1583 819 1619 et
850 1591 941 1618 non
974 1584 1044 1619 est
1063 1577 1141 1631 qui
1174 1576 1396 1619 extendat
1425 1577 1548 1618 ultra
1577 1582 1728 1618 tento-

453 1645 568 1684 rium
602 1658 767 1695 meum,
801 1650 845 1686 et
877 1644 1025 1698 erigat
1058 1644 1199 1697 pelles
1245 1657 1398 1695 meas;
1443 1643 1552 1697 quia
1588 1644 1729 1685 stulte
1746 1658 1789 1686 20

453 1717 648 1764 egerunt
679 1716 904 1765 pastoreS,
939 1717 984 1752 et
1013 1711 1261 1752 Dominum
1307 1724 1399 1751 non
1431 1711 1728 1763 quaesierunt.

453 1778 709 1832 Propterea
744 1792 835 1819 non
866 1778 1210 1828 intellexerunt,
1234 1782 1280 1818 et
1302 1790 1416 1830 grex
1448 1790 1604 1818 eorum
1636 1777 1728 1817 dis—

452 1858 613 1898 persus
651 1850 736 1886 est.
809 1845 871 1886 Et
905 1850 1011 1898 post
1049 1845 1301 1897 aliquanta,
1336 1843 1460 1894 Quid
1502 1849 1573 1885 est
1606 1843 1727 1898 quod

452 1912 645 1953 dilectus
667 1924 794 1952 meus
828 1912 874 1951 in
907 1911 1042 1953 domo
1075 1924 1177 1952 mea
1204 1911 1315 1952 facit
1346 1911 1520 1952 scelera
1549 1911 1727 1952 multa?

456 1978 677 2032 Nunquid
719 1991 879 2018 carnes
918 1982 1092 2018 sanctae
1127 1977 1336 2018 auferent
1374 1989 1400 2016 a
1443 1982 1488 2017 te
1527 1977 1728 2018 malitias
1745 1988 1786 2016 25

454 2052 574 2094 tuas,
615 2045 663 2084 in
705 2045 870 2097 quibus
911 2044 1110 2097 gloriata
1150 2045 1231 2084 es'?
1305 2043 1489 2084 Olivam
1527 2044 1727 2094 uberem,

451 2111 705 2165 pulchram,
738 2109 1034 2158 fructiferam,
1067 2110 1336 2164 speciosam,
1360 2109 1546 2151 vocabit
1567 2110 1727 2151 Domi-

453 2192 539 2218 nus
576 2191 741 2219 nomen
777 2182 920 2218 tuum.
1007 2176 1082 2217 Ad
1116 2190 1274 2218 vocem
1309 2177 1504 2229 loquelae
1538 2177 1727 2230 grandis

452 2245 626 2286 exarsit
646 2243 766 2297 ignis
788 2244 834 2284 in
857 2256 927 2294 ea,
955 2249 1001 2284 ct
1032 2245 1270 2285 combusta
1290 2248 1399 2284 sunt
1420 2243 1590 2285 fruteta
1610 2244 1726 2298 ejuS.

459 2312 514 2352 Et
554 2311 734 2361 iterum,
770 2311 956 2360 Venite,
987 2311 1331 2363 congregamini
1370 2323 1528 2351 omnes
1567 2311 1726 2352 bestiae
1744 2321 1786 2350 30

452 2383 602 2429 tcrrae,
624 2383 867 2431 properate
888 2377 944 2418 ad
965 2378 1293 2418 devorandum.
1354 2377 1572 2419 Pastores
1594 2378 1727 2419 multi

451 2445 656 2485 demoliti
687 2449 796 2485 sunt
816 2445 997 2485 vincam
1028 2458 1192 2494 meam,
1216 2444 1439 2485 dederunt
1470 2444 1725 2497 portionem

451 2524 599 2551 meam
649 2511 994 2552 desiderabilem
1054 2511 1100 2551 in
1157 2511 1385 2552 desertum
1448 2511 1723 2552 solitudinis.

454 2578 664 2631 Itemque
704 2577 923 2630 loquitur,
964 2577 1082 2618 Ilaec
1130 2578 1242 2619 dicit
1281 2576 1510 2618 Dominus
1554 2577 1725 2630 populo

453 2644 573 2694 huic,
594 2645 671 2697 qui
700 2644 862 2685 dilexit
894 2658 1076 2685 movero
1110 2644 1248 2697 pedes
1269 2656 1393 2692 SUOS,
1416 2647 1462 2682 et
1484 2656 1575 2683 non
1596 2644 1723 2696 quic·
1742 2654 1782 2682 35

455 2712 534 2759 vit,
558 2717 603 2751 ct
631 2711 828 2751 Domino
867 2725 956 2751 non
992 2710 1176 2764 placuit.
1252 2710 1389 2749 Nunc
1413 2710 1726 2751 recordabitur

449 2778 742 2830 iniquitatum
776 2791 948 2828 eorum,
982 2783 1027 2818 ct
1053 2777 1253 2818 visitabit
1296 2781 1484 2829 peecata
1526 2776 1722 2819 illorum.
1779 2791 1782 2793 ’
