1891 3214
495 282 724 314 nls'roRm
761 279 931 309 «111111.
1300 261 1350 301 13

81 393 154 434 sui
189 392 480 443 humanoque
515 388 664 436 fidem,
697 392 757 435 et,
790 384 970 438 abjecto
1003 380 1107 422 coeli
1139 386 1183 420 et
1217 384 1351 419 terra)

82 465 223 509 metu,
258 457 454 512 propriis
490 452 890 496 adinventionibus
924 449 1123 501 aliquem
1156 459 1214 486 ex
1250 444 1352 485 libi-

83 527 265 568 dinibus
297 525 428 577 regi'?
503 522 653 575 Igitur
675 520 889 560 omittens
912 516 1014 556 illos
1035 514 1208 568 priscos
1230 524 1352 551 com-

83 604 336 645 munesque
368 603 470 630 cum
501 588 710 630 omnibus
739 584 951 637 gentibus
974 592 1165 628 errores,
1189 578 1354 632 quibus

48 673 67 702 5
87 665 194 701 ante
225 658 474 699 adventum
508 653 679 695 Christi
708 652 755 692 in
787 662 922 691 carne
951 661 1083 689 omne
1106 646 1355 686 humanum

89 738 234 780 genus
254 723 545 776 obligabatur
567 719 852 765 adstrictum,
873 728 955 755 nec
979 724 1251 754 enumerans
1274 722 1355 762 pa-

89 793 190 833 triae
223 794 439 845 portenta
467 788 569 841 ipsa
603 784 843 832 diabolica,
878 794 993 835 pene
1027 791 1215 819 numero
1256 777 1358 816 vin-

91 859 243 900 centia
251 855 811 910 AEgyptiaca‚——quorun1
825 843 1359 895 nonnulla,lineamentis

93 925 242 966 adhuc
269 922 547 964 deformibus
574 920 696 960 intra
717 917 790 958 vel
822 920 955 956 extra
982 913 1164 953 deserta
1190 910 1362 949 moenia

36 1004 78 1034 10
96 992 231 1033 solito
252 1002 376 1030 more
398 986 610 1040 rigentia,
634 984 777 1025 torvis
799 982 1002 1023 vultibus
1033 979 1264 1019 intuemur
1283 989 1364 1026 3—

97 1071 246 1112 neque
277 1054 545 1097 nominatim
576 1051 867 1093 inclamitans
895 1052 1074 1087 montes
1108 1046 1249 1097 ipsos,
1284 1046 1365 1082 aut

100 1125 250 1166 fontes
288 1122 362 1163 vel
403 1120 559 1168 colles,
605 1123 685 1158 aut
729 1115 892 1156 fluvios
941 1113 1048 1153 olim
1092 1108 1365 1155 exitiabiles,

102 1203 223 1232 nunc
253 1201 362 1231 vero
391 1185 603 1228 humanis
628 1184 785 1224 usibus
807 1181 958 1229 utiles,
989 1179 1153 1232 quibus
1185 1175 1367 1216 divinus

103 1258 250 1299 honor
271 1269 299 1297 a
320 1267 443 1296 caeco
463 1259 573 1294 tunc
594 1249 764 1304 populo
779 1246 1098 1289 cumulabatur
1116 1258 1126 1294 3
1147 1248 1191 1284 et
1213 1248 1369 1283 tacens

45 1333 86 1362 15
105 1328 314 1366 vetustos
349 1319 615 1362 immanium
661 1322 960 1370 tyrannorum
999 1323 1159 1360 annos,
1209 1309 1287 1361 qui
1326 1307 1371 1346 in

109 1391 210 1432 aliis
240 1390 377 1441 longe
408 1386 569 1441 positis
600 1383 860 1436 regionibus
892 1378 1069 1430 vulgati
1091 1382 1214 1424 sunt,
1236 1375 1301 1414 ita
1322 1378 1374 1412 ut

111 1455 413 1510 Porphyrius,
459 1451 644 1492 rabidus
694 1448 820 1489 canis
873 1444 1107 1486 orientalis
1155 1441 1375 1482 adversus

112 1523 366 1570 ecclesiam,
401 1517 641 1560 dementiae
675 1528 770 1555 suae
805 1527 857 1554 ac
884 1511 1105 1553 vanitatis
1139 1508 1260 1562 stylo
1291 1506 1377 1545 hoc

114 1590 252 1632 etiam
274 1590 553 1634 annecteret,
587 1588 597 1604 ‘
618 1581 860 1624 Britannia
881 1578 980 1628 est,'
1002 1576 1229 1629 inquiens,
1263 1577 1274 1593 ‘
1292 1573 1379 1612 ser-

54 1670 97 1699 20
115 1657 208 1698 tilis
241 1653 479 1708 provincia
514 1647 845 1704 tyrannorum,'
881 1645 962 1685 illa
994 1649 1148 1684 tamen
1181 1639 1382 1694 proferro

117 1723 316 1764 conabor
350 1720 396 1760 in
431 1718 645 1765 medium,
680 1728 782 1768 qua:
822 1711 1102 1764 temporibus
1137 1709 1383 1761 imperato-

118 1803 219 1830 rum
252 1787 567 1829 Romanorum
596 1788 641 1823 et
662 1793 799 1835 passa
831 1784 899 1820 est
931 1782 975 1817 et
1002 1776 1102 1816 aliis
1134 1773 1291 1814 intulit
1322 1772 1384 1811 ci-

120 1856 254 1897 vibus
288 1854 425 1907 longe
460 1849 622 1905 positis
658 1847 808 1896 niala3
851 1848 1073 1898 quantum
1110 1848 1262 1882 tamen
1305 1850 1386 1890 po-

121 1928 268 1970 tuero,
299 1933 391 1961 non
413 1924 508 1960 tam
532 1930 589 1957 ex
612 1913 848 1968 scripturis
874 1910 1034 1964 patriae
1058 1908 1388 1960 scriptorumve

62 2001 103 2029 25
124 1983 668 2037 monimentis,-——quippe
691 1993 810 2034 quae,
839 1978 912 2018 vel
934 1977 971 2016 si
994 1988 1085 2028 qua
1104 1973 1288 2020 suerint,
1311 1974 1388 2010 aut

125 2055 308 2108 ignibus
339 2051 539 2094 hostium
568 2053 749 2096 exusta,
781 2050 861 2086 aut
885 2043 1051 2084 civium
1075 2039 1224 2081 exsilii
1245 2038 1390 2079 classe

125 2121 310 2175 longius
327 2119 584 2172 deportata,
604 2128 694 2155 non
712 2114 1229 2165 cmnpareant‚—-quam
1244 2110 1392 2145 trans-

126 2229 1389 2255 ff

179 2322 192 2343 2
218 2319 302 2366 Ean]
329 2321 384 2360 Et,
402 2320 444 2351 B.
469 2319 507 2350 Γ.
785 2313 971 2354 prophetia,
995 2311 1053 2340 scil
1072 2309 1219 2339 historia.
1271 2306 1398 2336 Adver-

182 2369 194 2387 ³
218 2368 358 2409 Igitur]
383 2367 493 2406 Igitur
510 2374 586 2403 non,
605 2365 647 2394 G.
785 2370 842 2391 sus
868 2360 965 2389 istum
996 2357 1222 2393 Hieronymus
1243 2353 1397 2392 exposuit

181 2415 194 2434 ⁶
221 2409 467 2455 Obligabatun]
493 2411 685 2448 Obligatnr,
708 2409 748 2438 A.
785 2406 974 2443 Danielem,
999 2403 1041 2435 A.
1074 2412 1175 2439 marg.
1225 2400 1294 2430 The
1324 2401 1399 2429 ‘ra-

185 2462 197 2480 5
221 2462 349 2494 Patriae
394 2458 568 2500 portenta]
620 2457 750 2486 Britan-
785 2453 884 2484 bidus
910 2450 1019 2481 cnnis'
1045 2449 1082 2478 of
1105 2449 1158 2478 the
1190 2451 1258 2477 text
1288 2447 1314 2475 is
1342 2456 1399 2483 ap-

136 2511 202 2541 niae
220 2509 321 2547 idola,
338 2507 382 2538 A.
398 2507 495 2544 gloss.
786 2499 935 2539 parcntly
950 2495 1121 2528 boi-rowcd
1139 2494 1219 2525 froin
1237 2492 1399 2523 Jcroine's

184 2554 211 2575 ¹⁰
235 2553 420 2595 Rigeutin.]
445 2552 485 2583 Id
509 2554 570 2589 est,
594 2548 751 2584 sitientia,
786 2545 927 2577 l'refnce
945 2548 977 2574 to
997 2543 1048 2573 his
1066 2541 1166 2571 Work
1193 2542 1202 2556 ‘
1222 2540 1272 2570 De
1290 2539 1400 2577 Scrip-

139 2604 182 2634 A.
197 2603 295 2642 gloss.
785 2593 912 2624 toribus
931 2587 1203 2621 Ecclesiasticisss

188 2647 212 2670 ¹7
236 2645 465 2688 Porphyrius]
480 2642 752 2682 Porphirinsiste
833 2637 859 2656 '2¹'
886 2632 1031 2678 Tamen]
1057 2635 1213 2670 Tantum,
1233 2632 1274 2661 B.
1299 2631 1390 2661 1'..1.

140 2695 277 2735 quidam
300 2693 478 2724 haereticus
505 2691 580 2727 fuit,
612 2689 752 2726 ideoque
836 2683 862 2702 ‘³⁶
891 2682 1043 2721 Esus-ilia]
1071 2680 1248 2716 Iixsnlunn,
1272 2678 1309 2707 1'.
1327 2678 1363 2706 .1.

141 2743 288 2773 nominat
310 2749 386 2771 eum
411 2739 548 2775 Canem,
572 2736 650 2775 quia
668 2734 753 2763 (lixit
835 2729 860 2751 ⁴27
887 2726 1124 2769 (''m111›m·ennt.]
1168 2726 1233 2762 Β.;
1273 2732 1403 2761 compa-

143 2788 231 2828 quod
248 2786 421 2827 prophetia
438 2783 592 2815 Danielis
613 2792 674 2811 non
693 2780 753 2810 fnit
791 2782 872 2813 rent,
893 2778 932 2807 .-1.

1399 1641 1484 1670 Scope
1498 1638 1528 1662 os
1539 1636 1596 1662 this

1399 1674 1484 1698 work.
