1907 3214
260 375 396 406 Passages

257 409 330 434 from
345 410 360 434 J
364 409 406 434 ob.

475 246 533 286 66
891 257 1119 286 EPISTOLA
1152 258 1323 286 GlLDAE.

547 363 662 418 §59.
696 363 785 404 Sed
829 368 874 403 et
912 367 1100 403 sanctus
1139 362 1231 403 Job
1271 361 1510 411 attendite,
1547 361 1656 416 quid
1695 361 1752 402 de

477 431 702 484 principio
734 430 976 482 impiorum
1008 434 1053 469 et
1085 429 1175 469 fine
1207 428 1548 482 disceptaverit,
1579 429 1751 478 dicens,

480 497 678 550 Propter
717 497 839 550 quod
880 496 1008 550 impii
1046 495 1226 545 vivunt,
1263 500 1309 536 et
1340 500 1590 536 senuerunt
1620 495 1752 536 inho-

479 569 625 613 neste,
666 568 712 604 et
752 576 907 604 semen
957 575 1114 604 eorum
1165 563 1417 603 secundum
1477 562 1752 603 desiderium

479 644 651 681 eorum,
684 635 729 671 et
752 630 833 671 filii
865 643 1019 671 eorum
1043 635 1150 670 aute
1183 635 1477 682 conspectum
1503 642 1674 678 eorum,
1707 634 1753 670 et
1792 633 1811 661 5

479 698 640 738 domus
662 711 818 738 eorum
849 697 1097 738 fructuosae
1119 702 1243 746 sunt,
1276 702 1322 737 et
1342 697 1479 738 timor
1500 709 1752 750 nunquam,

480 778 562 805 nec
587 765 727 818 plaga
755 765 944 805 Domini
977 769 1046 804 est
1070 776 1208 816 super
1243 776 1336 805 eOS.
1408 763 1568 805 Vacca
1595 776 1752 804 eorum

480 846 570 871 non
603 832 836 880 abortivit,
872 836 917 871 et
948 843 1195 883 praegnans
1230 844 1386 871 eorum
1423 831 1613 883 pertulit
1646 843 1752 883 par-

481 904 593 947 tum,
634 903 679 938 et
722 912 814 938 non
854 898 1040 947 erravit,
1085 897 1163 937 sed
1208 902 1446 950 permanet
1485 897 1605 938 sicut
1643 910 1752 938 oves

481 971 683 1006 zeternae.
757 964 818 1005 Et
847 965 977 1017 pueri
997 977 1152 1005 eorum
1178 964 1397 1016 gaudent,
1419 969 1464 1005 et
1485 964 1753 1017 psalterium
1773 973 1813 1002 10

481 1037 712 1072 sumentes
751 1036 797 1072 et
837 1031 1075 1085 cytharam
1112 1031 1328 1072 finierunt
1358 1031 1407 1071 in
1439 1031 1571 1072 bonis
1610 1032 1755 1072 vitam

480 1111 627 1148 suam,
659 1099 706 1139 in
736 1099 938 1151 requiem
970 1098 1218 1139 inferorum
1250 1098 1548 1140 dormierunt.
1620 1098 1755 1139 Nun-

481 1166 590 1219 quid
623 1166 752 1206 Deus
784 1164 908 1206 sacta
942 1165 1185 1219 impiorum
1223 1179 1315 1206 non
1352 1166 1572 1218 respicit?
1645 1164 1755 1206 Non

481 1246 607 1285 ergo,
636 1233 714 1273 sed
746 1232 934 1273 lucerna
963 1233 1206 1286 impiorum
1238 1232 1552 1285 extinguetur,
1593 1237 1638 1273 et
1677 1245 1754 1273 su-

481 1300 719 1353 perveniet
755 1300 819 1339 eis
857 1300 1048 1349 eversio,
1086 1305 1131 1340 et
1169 1299 1350 1340 dolores
1387 1304 1608 1353 tanquam
1647 1312 1753 1352 par-
1775 1307 1815 1336 15

482 1367 694 1407 turientis
731 1379 808 1407 eos
848 1367 905 1407 ab
946 1367 1014 1407 ira
1052 1366 1289 1407 tenebunt.
1363 1366 1423 1407 Et
1464 1371 1599 1407 erunt
1636 1366 1756 1408 sicut

481 1434 628 1487 paleae
642 1439 838 1483 avento,
860 1438 906 1474 et
927 1434 1046 1474 sicut
1059 1433 1227 1486 pulvis,
1248 1446 1381 1486 quem
1399 1433 1589 1474 abstulit
1604 1434 1754 1475 turbo.

485 1500 718 1542 Deficiant
740 1500 843 1540 filiis
867 1500 965 1554 ejus
987 1501 1124 1550 bona,
1144 1500 1332 1541 videant
1357 1501 1477 1541 oculi
1498 1501 1597 1556 ejus
1617 1501 1755 1551 bona,

485 1567 673 1609 videant
695 1567 815 1608 oculi
851 1567 950 1621 ejus
986 1568 1260 1608 occisionem
1294 1580 1441 1617 suam,
1476 1580 1560 1608 nec
1595 1580 1623 1608 a
1658 1568 1756 1609 Do-

483 1634 607 1675 mino
639 1634 909 1675 resalvetur.
981 1635 1042 1675 Et
1074 1639 1179 1687 post
1210 1634 1450 1686 aliquanta
1489 1635 1544 1675 de
1582 1634 1758 1686 iisdem,
1774 1649 1817 1678 20

485 1700 578 1751 Qui
610 1714 812 1754 gregem,
852 1701 1018 1754 inquit,
1053 1714 1155 1742 cum
1191 1706 1376 1754 pastore
1408 1706 1676 1755 rapuerunt,
1715 1708 1761 1744 et

478 1768 740 1822 jumentum
788 1767 1097 1821 orphanorum
1151 1768 1458 1819 abduxerunt,
1507 1773 1554 1810 et
1596 1770 1759 1810 bovem

485 1835 635 1875 viduae
669 1836 1045 1888 pignoraverunt,
1074 1840 1119 1876 et
1148 1835 1496 1877 declinaverunt
1521 1836 1759 1889 imponen-

486 1907 555 1942 tes
588 1915 616 1943 a
636 1902 712 1943 via
744 1903 1047 1944 necessitatis.
1120 1901 1298 1955 Agrum
1331 1908 1439 1944 ante
1466 1908 1646 1957 tempus
1667 1916 1760 1944 non

486 1982 619 2009 suum
653 1969 848 2009 demessi
880 1977 1002 2018 sunt,
1039 1982 1265 2022 pauperes
1307 1970 1565 2022 potentium
1601 1970 1759 2011 vineas
1775 1988 1816 2017 25

486 2036 583 2075 sine
623 2035 829 2076 mercede
871 2041 916 2076 et
959 2037 1056 2076 sine
1099 2036 1199 2076 cibo
1241 2037 1417 2089 operati
1455 2042 1578 2086 sunt,
1612 2037 1759 2078 nudos

486 2102 655 2142 multos
686 2102 881 2143 dormire
902 2103 1108 2143 fecerunt
1132 2103 1229 2143 sine
1252 2103 1552 2153 vestimentiS‚
1575 2109 1760 2157 tegmen

486 2170 651 2209 anima:
684 2183 840 2210 eorum
872 2170 1175 2211 abstulerunt.
1248 2169 1309 2211 Et
1339 2180 1445 2224 post
1465 2183 1628 2225 pauca,
1656 2184 1762 2212 cum·

486 2249 595 2289 ergo
627 2236 763 2277 sciret
785 2250 941 2277 eorum
962 2250 1116 2291 opera,
1149 2236 1338 2278 tradidit
1358 2251 1435 2279 eos
1463 2238 1510 2278 in
1530 2238 1758 2279 tenebras,

488 2302 795 2344 Maledicatur
825 2317 934 2356 ergo
967 2317 1073 2357 pars
1095 2304 1194 2358 ejus
1217 2316 1244 2344 a
1263 2309 1401 2355 terra,
1422 2305 1604 2358 pariant
1627 2305 1758 2359 plan·
1776 2317 1818 2347 30

485 2370 683 2411 tationes
715 2370 813 2424 ejus
845 2371 1000 2412 aridae.
1073 2371 1378 2412 Retribuatur
1408 2385 1517 2425 ergo
1544 2372 1611 2413 illi
1641 2372 1761 2413 sicut

485 2437 594 2488 egit,
642 2438 974 2478 contribuletur
1013 2439 1160 2479 omnis
1200 2439 1383 2492 iniquus
1424 2439 1544 2480 sicut
1583 2439 1760 2492 lignum

484 2503 582 2543 sine
617 2505 830 2545 sanitate.
906 2505 961 2545 In
1000 2505 1238 2546 iracundia
1280 2505 1401 2546 enim
1440 2519 1633 2559 surgens
1674 2506 1759 2547 im—

484 2575 718 2622 potentem
769 2571 947 2612 evertit.
1021 2571 1275 2626 Propterea
1314 2572 1434 2613 enim
1475 2586 1567 2613 non
1606 2573 1760 2614 credet

535 2701 540 2719 ¹
568 2704 660 2744 Aah]
682 2705 749 2735 xxi.
774 2708 896 2743 7-13,
922 2708 984 2743 17;
1013 2707 1104 2738 xxiv.
1124 2710 1125 2734 ἒ
1147 2708 1218 2736 (1711.
1246 2706 1282 2736 V.

483 2753 515 2785 2,
534 2753 564 2787 3,
586 2753 636 2786 ιε’-ι,
653 2754 707 2789 20,
724 2754 782 2782 rte.
801 2763 808 2789 ;
827 2753 930 2783 xxx-ii.
953 2755 1002 2784 11.
1122 2739 1125 2795 f
1188 2750 1210 2769 2¹
1242 2752 1382 2792 lnquit]
1407 2752 1487 2791 Job,
1518 2753 1609 2784 xxiv.
1642 2755 1675 2793 2,
1707 2755 1760 2793 18,

535 2794 557 2811 '³'
587 2797 745 2837 Delicium!
767 2823 772 2828 .
795 2822 822 2829 ..
842 2799 1103 2838 emas-vqnunwr.]
1122 2817 1124 2834 η
1142 2801 1196 2835 20,
1214 2802 1294 2836 {*lc.;
1314 2799 1417 2830 xxvii.
1438 2802 1488 2830 Η.
