1907 3214
465 241 551 283 102
891 253 1119 283 EPISTOLA
1152 253 1323 283 0112DAE.

469 357 548 398 sed
587 357 724 398 etiam
763 357 1113 399 intolerabiliter
1150 358 1509 411 blasphematur.
1586 358 1738 400 Velim

471 424 654 476 quidem
704 424 801 465 haec
851 424 1099 477 Scripturae
1141 425 1294 465 Sacrae
1335 424 1599 466 testimonia
1635 426 1740 467 huic

474 490 695 543 Epistolae
726 491 901 531 inserta
920 491 994 531 vel
1024 491 1280 541 inserenda,
1306 491 1425 532 sicut
1454 496 1615 533 nostra
1645 506 1739 533 me-

473 557 689 598 diocritas
734 562 906 611 posset,
954 557 1107 598 omnia
1139 563 1373 611 utcunque
1412 557 1630 600 historico
1668 560 1742 601 vel

474 623 637 663 morali
656 637 793 664 sensu
810 624 1118 678 interpretari.
1782 638 1801 664 5

542 690 655 743 §94
688 690 794 741 Sed,
831 704 888 732 ne
927 691 975 731 in
1016 691 1287 732 immensum
1324 691 1510 732 modum
1545 704 1744 745 opuscu-

473 756 566 796 lum
611 757 697 797 hoc
748 758 834 807 his,
876 758 954 811 qui
995 771 1087 799 non
1132 763 1227 799 tam
1273 763 1433 799 nostra
1475 772 1612 812 quam
1654 758 1745 800 Dei

471 822 745 875 despiciunt,
779 823 1034 873 fastidiunt,
1068 830 1298 875 avertunt,
1330 825 1598 878 proteletur,
1635 825 1744 866 sim-

473 889 652 942 pliciter
683 896 729 930 et
759 891 932 943 absque
962 891 1058 931 ulla
1077 892 1318 932 verborum
1349 891 1615 934 circuitione
1635 905 1744 933 con-

474 961 606 1007 gesta
656 957 728 997 vel
778 958 1067 1010 congerenda
1110 963 1233 998 sunt.
1314 958 1375 999 Et
1423 963 1530 1012 post
1581 971 1744 1013 pauca.
1764 968 1805 997 ιο

477 1022 568 1072 Qui
619 1023 738 1064 enim
774 1025 963 1065 solverit
997 1038 1137 1065 unum
1173 1025 1228 1065 de
1264 1025 1493 1066 mandatis
1524 1026 1626 1067 istis
1660 1026 1745 1067 mi-

478 1088 626 1138 nimis,
667 1096 712 1130 et
747 1091 952 1133 docuerit
990 1091 1055 1132 sic
1092 1091 1314 1141 homines,
1354 1092 1568 1133 minimus
1606 1106 1746 1134 voca-

476 1155 597 1195 bitur
624 1156 670 1196 in
698 1170 838 1210 regno
871 1158 1107 1199 coelorum.
1180 1158 1241 1199 Et
1270 1159 1451 1209 iterum,
1486 1159 1645 1201 Nolite
1669 1160 1746 1214 ju-

475 1222 641 1272 dicare,
682 1228 732 1264 ut
773 1238 862 1265 non
891 1224 1186 1278 judicemini3
1219 1226 1267 1266 in
1301 1238 1392 1278 quo
1421 1227 1538 1267 enim
1570 1226 1746 1281 judicio

472 1289 805 1342 judicaveritis,
839 1291 1123 1345 judicabitur
1157 1292 1212 1332 de
1250 1292 1397 1334 vobis.
1469 1292 1585 1343 Quis
1633 1307 1746 1347 rogo
1765 1307 1804 1335 15

478 1362 679 1396 vestrum
702 1357 913 1411 respiciet
928 1358 973 1398 id
996 1358 1117 1411 quod
1140 1358 1376 1411 sequitur?
1449 1359 1572 1410 Quid
1592 1365 1746 1402 autem

480 1422 620 1472 vides,
657 1423 821 1477 inquit,
862 1424 1086 1466 festucam
1119 1426 1166 1466 in
1211 1426 1343 1466 oculo
1382 1426 1536 1467 fratris
1578 1428 1661 1478 tui,
1700 1433 1747 1469 et

478 1490 652 1530 trabem
692 1491 739 1531 in
773 1492 904 1532 oculo
938 1498 1017 1533 tuo
1050 1506 1141 1533 non
1180 1493 1475 1534 consideras?
1519 1499 1599 1535 aut
1632 1508 1746 1548 quo-

477 1557 613 1596 modo
647 1557 759 1598 dicis
792 1558 924 1599 fratri
958 1564 1054 1608 tuo,
1086 1559 1195 1599 Sine
1225 1559 1404 1613 ejiciam
1435 1560 1659 1602 festucam
1690 1562 1746 1603 de

474 1623 605 1664 oculo
640 1628 735 1674 tuo,
757 1630 802 1666 et
822 1638 941 1675 ecce,
972 1627 1125 1666 trabes
1154 1627 1200 1666 in
1233 1627 1365 1667 oculo
1393 1632 1473 1669 tuo
1499 1633 1584 1669 est.
1656 1628 1746 1670 Vel
1763 1641 1806 1670 20

473 1690 593 1743 quod
608 1692 834 1743 sequium-3
861 1692 1019 1734 Nolite
1033 1693 1141 1733 dare
1154 1699 1364 1734 sanctum
1381 1695 1586 1745 canibus,
1599 1708 1747 1749 neque

474 1757 687 1797 miseritis
719 1759 993 1812 margaritas
1014 1765 1191 1801 vestras
1219 1765 1326 1801 ante
1346 1774 1526 1814 porcos,
1551 1776 1607 1802 ne
1629 1762 1748 1804 sorte

473 1824 743 1866 conculcent
757 1839 834 1866 eas
848 1827 1037 1879 pedibus
1054 1827 1163 1877 suis,
1177 1831 1223 1868 et
1236 1829 1446 1869 conversi
1461 1829 1748 1883 disrumpant

477 1903 571 1940 VOS,
606 1892 727 1943 quod
760 1894 1011 1946 saepissime
1043 1894 1174 1934 vobis
1203 1895 1371 1935 evenit.
1442 1895 1504 1937 Et
1527 1896 1745 1950 populum

474 1970 680 2007 monens,
702 1972 759 1999 ne
787 1973 815 2000 a
846 1960 1015 2000 dolosis
1037 1960 1315 2010 doctoribus,
1340 1966 1391 2002 ut
1422 1963 1532 2003 estis
1554 1976 1652 2013 VOS,
1675 1976 1746 2005 Se—
1764 1972 1804 2000 25

474 2023 730 2073 (luceretur,
748 2025 881 2076 dixit,
897 2026 1137 2067 Attendite
1152 2027 1280 2067 vobis
1302 2040 1330 2068 a
1349 2028 1477 2069 falsis
1495 2029 1747 2083 prophetis,

474 2090 552 2142 qui
587 2092 774 2133 veniunt
810 2093 865 2133 ad
890 2107 970 2133 vos
998 2093 1045 2133 in
1073 2094 1243 2134 vestitu
1275 2095 1444 2145 ovium,
1472 2096 1746 2137 intrinsecus

473 2163 626 2197 autem
658 2164 767 2199 sunt
788 2159 881 2213 lupi
914 2173 1102 2213 rapaces
1126 2174 1135 2211 3
1170 2174 1198 2201 a
1218 2160 1439 2202 fructibus
1461 2175 1616 2204 eorum
1637 2177 1746 2217 cog-

474 2224 673 2265 noscetis
695 2239 787 2266 eos.
862 2226 1085 2280 Nunquid
1106 2227 1330 2280 colligunt
1357 2229 1412 2270 de
1442 2230 1586 2283 spinis
1615 2243 1746 2281 uvas,

476 2296 555 2331 aut
575 2291 630 2331 dc
648 2293 827 2333 tribulis
848 2294 992 2334 ficus?
1055 2294 1129 2334 Sic
1144 2295 1290 2335 omnis
1312 2296 1446 2337 arbor
1465 2297 1586 2338 bona
1601 2297 1745 2338 bonos
1767 2307 1808 2336 30

474 2357 648 2399 fructus
673 2360 796 2409 facit,
820 2366 865 2401 ct
889 2361 1010 2401 mala
1031 2361 1190 2402 malos,
1262 2362 1323 2403 Et
1350 2362 1485 2413 infra,
1509 2363 1618 2405 Non
1649 2377 1745 2405 om—

473 2425 558 2473 nis,
592 2426 669 2477 qui
701 2426 809 2467 dicit
843 2427 952 2468 mihi
988 2428 1185 2469 Domine
1223 2429 1437 2480 Domine,
1473 2431 1663 2472 intrabit
1699 2431 1745 2472 in

475 2504 664 2541 regnum
699 2494 946 2544 (·(’[11(11·11111;
981 2495 1058 2535 sed
1086 2495 1163 2548 qui
1193 2496 1301 2536 facit
1334 2497 1618 2538 voluntatem
1652 2497 1744 2538 Pa-

474 2558 554 2597 tris
578 2558 681 2608 mei,
702 2561 779 2612 qui
803 2561 846 2600 in
871 2562 1000 2602 coelis
1029 2567 1113 2611 cst,
1138 2562 1235 2615 ipsc
1262 2563 1451 2605 intrabit
1477 2564 1523 2604 in
1553 2577 1744 2617 regnum

473 2625 709 2666 cadorum.
1763 2640 1803 2668 35

517 2749 687 2795 ²·8'11‹·1‘‹!'.]
717 2754 850 2793 Facere,
873 2755 911 2785 h'.
1175 2754 1199 2772 ¹⁰
1217 2756 1294 2786 I’nsl
1322 2757 1453 2797 [ullium]
1480 2757 1602 2789 Matth.
1632 2768 1662 2789 v.
1683 2760 1744 2796 193

518 2798 526 2804 ”
549 2798 760 2839 protraham]
789 2801 1004 2837 proluuntur,
1032 2802 1064 2831 Γ.
1127 2803 1181 2831 xii.
1207 2805 1308 2840 1,(’((·.
