1907 3214
513 268 557 306 4*
926 278 1173 308 PRAEFA'rio
1206 277 1377 306 GILDAE.

584 384 668 438 §2
705 383 872 435 Igitur,
909 383 1010 423 Deo
1031 382 1228 432 volente,
1263 393 1427 434 pauca,
1463 380 1518 421 de
1552 379 1643 420 situ
1682 378 1785 420 Bri-

516 462 703 510 tanniae,
736 461 790 500 de
822 460 1126 509 contumacia,
1150 459 1206 500 de
1227 458 1527 513 subjectione,
1554 457 1610 498 de
1642 456 1786 497 rebel-

516 540 652 588 lione,
688 538 743 578 de
777 537 979 578 secunda
1015 537 1298 591 subjectione
1332 549 1385 577 ac
1416 535 1515 576 diro
1547 534 1788 583 famulam,

518 617 573 657 de
606 615 840 668 religione,
875 615 930 655 de
962 615 1295 668 persecutione,
1329 613 1384 654 de
1417 612 1589 654 sanctis
1616 616 1789 664 marty-

518 694 660 742 ribus,
689 693 744 733 de
776 692 969 733 diversis
988 692 1255 741 haeresibus,
1278 691 1332 732 de
1356 690 1581 745 tyrannis,
1602 690 1657 730 de
1679 689 1792 730 dua-

519 773 604 812 bus
642 771 853 823 gentibus
876 770 1218 819 vastati-icibus,
1257 769 1312 810 de
1345 769 1493 823 prima
1517 766 1794 816 vastatione,

521 849 576 889 de
596 847 875 896 defensione,
907 847 963 887 de
994 847 1195 887 secunda
1218 846 1496 895 vastatione,
1517 845 1572 886 de
1594 844 1796 886 secunda

523 925 712 974 ultione,
751 925 806 965 de
842 925 979 965 tertia
1011 924 1289 974 vastatione,
1326 924 1381 964 de
1412 923 1548 973 same,
1583 922 1639 963 de
1675 921 1795 975 epis-

524 1003 646 1053 tolis,
670 1003 725 1043 de
745 1002 957 1052 victoria,
989 1002 1044 1043 de
1075 1002 1339 1051 sceleribus,
1372 1001 1428 1042 de
1460 1000 1686 1041 nuntiatis
1720 1012 1796 1040 su-

522 1082 618 1122 bito
640 1080 865 1129 hostibus,
888 1080 943 1120 de
965 1080 1142 1121 famosa
1164 1084 1307 1133 peste,
1328 1079 1383 1120 de
1407 1077 1614 1128 consilio,
1635 1077 1690 1118 de
1711 1090 1797 1118 sae-

524 1158 650 1199 viore
671 1158 815 1198 inulto
844 1158 1002 1210 primis
1024 1157 1171 1207 hoste,
1194 1157 1249 1197 de
1270 1156 1451 1197 urbium
1485 1154 1798 1204 subversione,

1819 1096 1860 1125 10

525 1236 580 1276 (16
614 1234 834 1288 reliquiis,
870 1234 925 1275 de
959 1240 1192 1288 postrema
1221 1247 1350 1288 pace,
1382 1247 1485 1287 quae
1517 1233 1799 1286 temporibus

527 1312 697 1354 nostris
723 1312 812 1352 Dei
834 1318 950 1353 nutu
970 1312 1011 1353 ei
1033 1312 1206 1353 donata
1228 1317 1314 1361 est,
1338 1312 1488 1352 dicere
1511 1324 1744 1353 conamur.

529 1508 577 1537 es,
604 1498 771 1536 inquiens,
803 1497 881 1528 talis
913 1497 1081 1536 audaciae,
1110 1500 1149 1528 ut

529 1546 615 1575 inter
626 1544 792 1574 veridicas
804 1544 976 1574 rationalis
989 1543 1148 1574 secundae

532 1601 552 1621 a
576 1591 709 1621 nunciis
736 1590 953 1621 derivationis
977 1594 1149 1621 creaturas

529 1648 594 1667 non
612 1637 828 1676 pertimescas
844 1637 1010 1667 libertatis
1035 1647 1148 1667 aureae

529 1684 661 1714 decenti
678 1687 755 1713 nota
784 1684 884 1722 inuri,
901 1684 1056 1714 affectum
1081 1683 1149 1713 sal-

530 1734 596 1761 tem
628 1730 854 1769 intelligibilis
882 1730 986 1761 asinae
1010 1733 1149 1760 eatenus

531 1777 676 1816 elinguis
692 1787 756 1806 non
780 1776 924 1816 refugito
946 1777 1065 1816 spiritu
1083 1777 1149 1807 Dei

531 1824 668 1861 afflatae,
706 1824 848 1853 nolentis
887 1833 922 1854 se
957 1823 1150 1853 vehiculum

532 1870 600 1900 fore
621 1870 733 1900 tiarati
756 1870 845 1909 magi
869 1870 1020 1900 devoturi
1043 1880 1151 1909 popu-

532 1917 601 1947 lum
630 1916 709 1954 Dei,
740 1926 817 1955 quae
846 1917 878 1946 in
910 1920 1053 1955 angusto
1081 1913 1169 1950 mii-*i

533 1963 632 1993 ceriae
642 1963 813 1992 vinearum
823 1963 1005 1993 resolutum
1019 1964 1092 2002 ejus
1103 1967 1151 1993 at·
1167 1964 1169 2010 1

533 2010 625 2039 trivit
648 2009 779 2047 pedem,
795 2010 836 2039 ob
863 2010 896 2039 id
920 2010 997 2039 licet
1014 2010 1151 2040 verbera
1168 2018 1169 2054 }

535 2055 699 2085 hostiliter
727 2056 879 2094 senserit,
901 2056 1023 2094 cuique
1051 2055 1170 2094 angc-'

535 2102 602 2132 lum
621 2102 792 2132 coelestem
810 2112 921 2133 ensem
934 2112 1078 2133 vacuum
1095 2113 1151 2133 va·
1167 2078 1169 2121 i

1185 1497 1263 1536 gina
1272 1496 1461 1536 habentem,
1473 1499 1574 1536 atque
1586 1496 1801 1535 contrarium,

1183 1554 1282 1582 quem
1308 1544 1364 1574 ille
1391 1544 1497 1575 cruda
1522 1543 1703 1574 stoliditate
1735 1553 1801 1574 cae-

1183 1594 1279 1621 catus
1310 1601 1375 1621 non
1402 1591 1544 1630 viderat,
1575 1590 1682 1629 digito
1719 1599 1800 1628 quo-

1183 1637 1372 1676 dammodo,
1390 1647 1583 1676 quanquam
1607 1637 1737 1676 ingrato
1761 1646 1800 1668 ac

1183 1683 1378 1723 furibundo,
1394 1687 1426 1714 et
1443 1684 1580 1714 innoxia
1600 1684 1674 1722 ejus
1696 1683 1802 1714 latera

1183 1733 1297 1761 contra
1326 1732 1386 1770 jus
1418 1730 1537 1769 fasque
1576 1730 1719 1760 caedenti
1745 1729 1803 1760 de-

1183 1778 1390 1807 monstravit.
1430 1777 1470 1807 In
1487 1777 1558 1807 zelo
1574 1777 1678 1816 igitur
1688 1776 1736 1818 (2,
1752 1774 1802 1817 4.)

1232 1822 1242 1842 ¹
1261 1820 1404 1867 Igitur]
1420 1824 1486 1854 Sed
1503 1826 1578 1854 ante
1591 1824 1803 1863 promissum,

1231 1914 1243 1933 ‘¹
1257 1911 1521 1960 Vastan-iabus]
1532 1916 1749 1955 victricibus,
1764 1916 1804 1948 V.

1231 1961 1244 1981 ⁸
1262 1963 1447 2004 Epistolis]
1474 1963 1636 2002 Epistolis
1662 1963 1706 1994 ad
1722 1963 1806 2003 Agi-

1184 2010 1281 2048 tium,
1304 2010 1390 2041 V.J.

1232 2054 1257 2074 ¹²
1274 2056 1389 2096 Pactu]
1410 2056 1535 2086 Patriae
1551 2056 1701 2095 victoria,
1720 2056 1805 2088 V..1.

1234 2101 1260 2120 ¹³
1287 2103 1475 2143 Cormmmu]
1501 2103 1647 2142 Curabo,
1662 2103 1700 2135 J.

915 2413 1137 2441 EXPLICIT
1172 2413 1435 2443 PRAEFATIO.
