1891 3214
560 255 786 285 EPISTOLA
819 256 989 286 elnon.
1339 251 1417 290 [09

146 359 358 401 voluntas
391 360 480 401 Dei
511 361 815 403 sanctificatio
850 368 1018 412 vostra,
1058 368 1107 403 ut
1144 364 1414 405 abstineatis

143 439 225 466 vos
247 440 274 466 a
295 426 612 476 fornicatione,
644 434 688 468 et
719 429 835 469 sciat
866 430 1179 482 unusquisque
1212 437 1414 471 vestrum

143 505 226 532 vas
252 506 384 533 suum
416 494 647 546 possidere
683 495 730 534 in
758 495 928 535 honore
954 501 999 536 et
1034 497 1413 547 sanctificatione,

142 571 234 599 non
275 560 322 599 in
358 561 572 613 passione
607 560 834 610 desiderii,
868 562 985 602 sicut
1021 568 1067 602 et
1102 562 1276 603 Gentes
1310 577 1412 616 qua}

101 625 357 677 ⁵ignorant
407 627 572 666 Deum.
667 627 726 667 ,lit
782 641 838 666 ne
889 629 990 679 quis
1040 630 1413 681 supergrediatur

141 704 288 744 neque
334 693 662 733 circumveniat
710 693 756 732 in
801 695 986 745 negotio
1035 694 1221 735 fratrem
1263 709 1410 745 suum,

140 758 355 810 quoniam
395 759 564 799 vindex
607 763 678 799 est
716 759 942 799 Dominus
984 760 1039 800 de
1080 760 1149 800 his
1184 763 1409 803 omnibus.

142 822 251 864 Non
289 825 409 864 enim
455 825 638 865 vocavit
679 839 761 866 nos
802 826 928 866 Deus
969 826 1014 865 in
1059 827 1408 878 immunditiam,

140 890 218 930 sed
240 890 286 930 in
308 892 732 932 sanctificationem.
806 892 971 945 Itaque
994 893 1071 945 qui
1095 893 1191 933 hafe
1218 896 1407 947 spernit,

78 962 119 991 10
140 969 231 997 non
272 956 500 998 hominem
541 959 715 1010 spernit
755 958 833 998 sed
878 959 1041 999 Deum.
1115 959 1230 1009 Quis
1270 962 1407 1001 etiam

137 1029 340 1064 vestrum
361 1024 687 1076 circumspecte
708 1030 931 1078 cauteque
952 1025 1199 1066 custodivit
1219 1027 1263 1066 id
1285 1029 1406 1079 quod

136 1090 357 1142 sequitur,
402 1090 680 1131 Mortificate
723 1104 831 1142 ergo
871 1092 1074 1131 membra
1107 1098 1261 1133 vestra
1303 1108 1406 1146 qua>

136 1162 244 1197 sunt
277 1169 414 1209 super
442 1162 628 1206 terram,
661 1156 1024 1206 fornicationem,
1056 1158 1406 1209 immunditiam,

134 1221 383 1272 libidinem,
431 1229 477 1264 et
521 1223 938 1276 concupiscentiam
985 1224 1167 1273 malam,
1220 1232 1407 1278 propter

76 1297 115 1325 15
136 1301 239 1342 quae
271 1290 397 1330 venit
426 1290 495 1330 ira
529 1290 616 1329 Dei
649 1290 695 1329 in
728 1290 844 1330 filios
876 1289 1153 1330 diffidentiam
1226 1291 1406 1332 Videtis

135 1355 255 1396 enim
286 1370 369 1408 pro
392 1356 520 1409 queis
552 1356 751 1409 peccatis
781 1356 850 1396 ira
873 1356 956 1397 Dei
978 1357 1263 1409 potissimum
1297 1372 1405 1399 con-

135 1427 310 1475 surgat.

205 1488 348 1542 §104
383 1487 553 1529 Audite
586 1488 741 1542 itaque
774 1490 880 1542 quid
904 1489 959 1529 de
982 1489 1109 1530 vobis
1138 1490 1404 1543 prophetico

134 1554 299 1608 spiritu
335 1561 522 1596 sanetus
556 1555 674 1595 idem
714 1554 967 1608 Apostolus
1004 1557 1257 1609 vestrisque
1296 1571 1404 1597 con-

73 1631 116 1659 20
134 1620 356 1662 similibus
384 1621 668 1675 praedixerit,
703 1622 759 1661 ad
788 1622 1077 1663 Timotheum
1103 1630 1259 1675 aperte
1295 1625 1403 1663 scri-

133 1688 260 1728 bens.
333 1687 439 1729 Hoc
489 1688 609 1728 enim
658 1689 837 1737 scitote,
885 1689 1006 1741 quod
1047 1690 1093 1728 in
1146 1690 1403 1729 novissimis

133 1753 292 1795 diebus
348 1754 587 1795 instabunt
638 1760 845 1807 tempora
893 1755 1163 1807 periculosa.
1257 1756 1405 1796 Erunt

133 1821 253 1861 enim
284 1820 491 1861 homines
523 1822 793 1873 semetipsos
825 1827 1047 1870 amantes,
1079 1821 1245 1873 cupidi,
1279 1822 1403 1871 elati,

133 1888 332 1940 superbi,
364 1887 634 1940 blasphemi,
672 1888 937 1940 parentibus
969 1888 1296 1937 inobedientes,
1333 1889 1401 1928 in-

72 1964 114 1993 25
133 1954 270 2006 grati,
301 1954 498 2002 scelesti,
531 1954 628 1993 sine
650 1953 904 2003 affectione,
936 1954 1286 2003 incontinentes,
1318 1955 1401 1994 im-

134 2020 283 2070 mites,
315 2021 413 2061 sine
448 2020 747 2072 benignitate,
777 2020 1047 2072 proditores,
1076 2021 1293 2073 protervi,
1329 2027 1400 2061 tu-

133 2086 258 2135 midi,
306 2087 594 2138 voluptatum
645 2091 872 2126 amatores
924 2088 1071 2137 magis
1122 2100 1258 2138 quam
1299 2088 1401 2136 Dei,

134 2151 353 2192 habentes
387 2151 567 2204 quidem
603 2153 799 2203 speciem
833 2152 1032 2203 pietatis,
1071 2153 1285 2192 virtutem
1320 2167 1400 2193 au-

133 2223 225 2258 tem
261 2218 360 2271 ejus
398 2219 694 2270 abnegantes.
768 2217 827 2257 Et
865 2217 947 2257 hos
988 2218 1157 2266 devita,
1199 2218 1315 2258 sieut
1356 2225 1402 2259 et

75 2292 116 2321 30
135 2283 369 2337 Propheta
404 2284 528 2332 dicit,
562 2283 696 2323 Odivi
736 2284 1138 2335 congregationem
1173 2284 1397 2333 maligno-

135 2363 250 2399 rum,
287 2356 332 2391 et
366 2364 467 2391 cum
504 2350 652 2402 impiis
689 2363 779 2389 non
819 2349 999 2389 sedebo.
1074 2349 1132 2389 Et
1173 2356 1276 2401 post
1317 2351 1398 2390 ali-

134 2422 323 2469 quanta,
355 2416 475 2469 quod
510 2422 666 2456 nostro
698 2421 899 2468 tempore
922 2416 1127 2455 videmus
1159 2415 1399 2468 pullulare,

179 2615 192 2634 ⁵
216 2618 261 2648 Et
291 2627 329 2648 ne
355 2617 427 2658 quis
455 2641 461 2648 .
482 2640 488 2647 .
508 2639 515 2649 .
545 2615 746 2655 consurgat.]
829 2613 856 2631 ³¹¹
886 2614 1075 2654 Prnplwm.]
1096 2613 1187 2643 l’sal.
1206 2623 1283 2643 xxv.
1303 2617 1333 2643 5.

135 2665 207 2694 Om.
232 2664 270 2695 V.
828 2659 851 2678 3¹
880 2662 922 2690 Ji!
952 2664 1021 2700 post
1057 2683 1064 2691 .
1084 2683 1090 2690 .
1109 2683 1116 2690 .
1149 2660 1274 2689 illm-nm
1294 2659 1394 2699 suih]

180 2709 205 2727 ¹²
228 2710 410 2750 Sequitur]
429 2709 556 2739 Coloss.
575 2709 622 2739 iii.
641 2712 671 2739 5.
785 2709 855 2738 (nn.
882 2707 918 2738 Γ.

178 2754 205 2774 ‘²⁰
230 2756 456 2796 Timotheum]
474 2756 589 2786 2¹1¹in1.
609 2755 654 2786 iii.
672 2757 701 2793 1,
713 2757 742 2785 7.

1423 1500 1563 1531 Timothy,
