1891 3214
552 258 776 287 Eius'rom¹
811 257 982 286 (uror.
1345 248 1400 286 (523

131 363 336 416 iniquum
386 362 611 415 persecuti
656 368 778 403 sunt.
851 362 945 402 Sibi
991 368 1314 414 regnaverunt,
1356 367 1401 401 et

133 442 225 470 non
265 441 347 482 per
385 442 485 480 111ος
538 435 784 469 tenuerunt
835 429 1157 482 principatum,
1198 440 1278 466 nec
1330 439 1400 467 me

133 500 375 537 noverunt.

204 561 318 615 §53
352 561 440 602 Sed
480 567 524 601 et
566 566 774 601 sanctum
815 559 958 601 Amos
995 559 1279 612 prophetam,
1317 558 1400 598 1100

97 627 270 671 51110ᾱο
300 628 565 676 minantem,
607 627 775 674 audite,
818 626 874 666 In
906 627 1050 666 tribus
1091 626 1400 678 impietatibus

135 693 331 734 filiorum
367 693 507 742 Juda,
548 698 593 733 et
626 694 672 732 in
709 698 906 743 quatuor
941 705 1031 731 non
1067 698 1271 731 avertam
1308 704 1400 739 eos,

136 764 322 813 propter
357 759 479 812 quod
511 758 777 811 repulerunt
800 758 946 811 legem
978 757 1181 806 Domini,
1214 763 1258 797 et
1284 769 1401 808 prae—

136 830 272 879 cepta
291 839 384 866 11011
413 825 742 873 custodierunt,
773 824 851 865 Sed
877 824 1159 865 seduxerunt
1181 836 1257 864 eos
1283 835 1403 863 vana

137 904 308 932 eorum.
379 891 438 932 Et
487 892 692 932 emittam
731 891 884 943 ignem
935 903 1071 943 super
1122 890 1149 930 J
1157 890 1307 937 udam,
1358 895 1403 929 et

77 970 119 999 10
138 958 345 999 comedet
362 957 659 998 fundamenta
691 957 963 997 Jerusalem.
1036 955 1154 996 Haec
1175 956 1283 995 dicit
1306 954 1402 995 Do-

138 1025 305 1074 minus,
338 1023 396 1065 In
428 1025 572 1064 tribus
600 1024 909 1076 impietatibus
946 1022 1106 1071 Israel,
1136 1028 1180 1062 et
1212 1022 1257 1061 in
1290 1034 1402 1073 qua-

140 1095 245 1132 tuor
274 1104 366 1131 non
390 1096 595 1130 avertam
627 1102 720 1138 eos,
752 1096 938 1141 propter
968 1088 1089 1141 quod
1120 1087 1405 1127 tradiderunt

139 1157 335 1210 pecunia
368 1156 563 1210 justum,
597 1160 641 1196 et
673 1168 920 1208 pauperem
958 1167 1039 1207 pro
1079 1153 1404 1201 calciamentis,

141 1235 244 1275 quae
276 1222 474 1263 calciant
512 1235 649 1275 super
679 1221 912 1274 pulverem
944 1226 1095 1268 terrae,
1127 1225 1171 1260 et
1203 1218 1405 1270 colaphis

83 1297 124 1327 15
141 1289 379 1329 caedebant
418 1289 571 1341 capita
612 1300 879 1340 pauperum,
921 1292 965 1326 et
1003 1286 1125 1326 riam
1170 1285 1406 1325 humilium

141 1354 501 1396 declinaverunt.
575 1353 635 1394 Et
669 1358 773 1406 post
805 1365 968 1405 pauca,
1004 1351 1209 1401 Quaerite
1246 1351 1405 1390 Domi-

142 1434 251 1462 num
272 1425 318 1462 et
337 1421 517 1469 vivetis,
546 1425 595 1460 ut
617 1432 708 1459 non
739 1419 937 1459 reluceat
960 1417 1077 1457 sicut
1108 1417 1226 1469 ignis
1246 1416 1406 1456 domus

142 1487 334 1540 Joseph‚
366 1492 411 1527 et
443 1485 651 1527 comedat
681 1498 797 1534 eam,
830 1497 911 1524 nec
935 1484 1020 1524 erit
1051 1484 1128 1536 qui
1149 1483 1405 1534 extinguat.

146 1553 323 1594 Domus
367 1552 512 1593 Israel
550 1551 653 1592 odio
696 1551 951 1591 habuerunt
991 1550 1037 1590 in
1075 1550 1218 1602 portis
1255 1549 1407 1589 redar-

84 1630 127 1660 20
145 1625 378 1673 guentem,
401 1625 446 1660 et
465 1619 652 1659 verbum
666 1617 843 1670 justum
858 1615 1107 1657 abominati
1121 1622 1242 1656 sunt.
1317 1614 1409 1664 Qui

144 1684 290 1727 Amos
314 1685 569 1739 prohibitus
591 1697 645 1724 ne
668 1683 959 1737 prophetaret
986 1683 1032 1722 in
1055 1682 1215 1729 Israel,
1238 1681 1408 1733 absque

145 1752 423 1793 adulationis
453 1757 610 1804 tepore
630 1749 925 1802 respondens,
958 1747 1066 1789 Non
1087 1759 1225 1795 eram,
1245 1748 1408 1799 inquit,

1420 571 1554 601 Pa<sares

1419 607 1489 630 from
1504 607 1598 630 Amos.

146 1831 232 1871 ego
255 1817 493 1872 propheta,
525 1829 607 1857 nec
630 1816 747 1856 filius
779 1814 1028 1868 propheta‘,
1060 1813 1137 1853 sed
1161 1826 1281 1852 eram
1304 1825 1408 1864 pas·
1468 1806 1471 1810 ’

146 1889 221 1926 tor
240 1885 474 1938 caprarius
495 1883 712 1923 vellicans
744 1893 1021 1934 sycomoros,
1054 1885 1096 1919 et
1118 1879 1316 1930 suscepit
1339 1892 1409 1918 me

89 1950 375 1992 2⁵Dominus
407 1951 463 1990 ab
506 1949 683 1997 ovibus,
723 1954 768 1988 et
808 1947 923 1987 dixit
965 1945 1188 1985 Dominus
1226 1944 1281 1984 ad
1324 1958 1409 1993 me,

149 2016 282 2058 Vade
319 2022 365 2057 et
396 2015 661 2070 prophetiza
696 2014 741 2054 in
774 2013 949 2065 plebem
984 2024 1129 2051 meam
1164 2010 1324 2059 Israel,
1365 2016 1410 2050 et

149 2096 271 2124 nunc
302 2082 408 2124 audi
438 2083 627 2122 verbum
659 2079 859 2121 Domini.
932 2077 1107 2129 Regem
1128 2089 1322 2129 namque
1343 2076 1408 2116 al-

149 2149 440 2202 loquebatur,
461 2147 534 2187 Tu
555 2147 682 2195 dicis,
708 2145 800 2185 noli
822 2143 1093 2197 prophetare
1115 2143 1159 2183 in
1184 2142 1343 2190 Israel,
1367 2149 1411 2181 et

153 2227 243 2256 non
265 2226 516 2266 congreges
537 2213 694 2253 turbas
718 2211 762 2251 in
783 2211 964 2251 domum
985 2208 1146 2249 Jacob.
1219 2208 1414 2259 Propter

94 2290 136 2319 30
153 2280 275 2335 quod
308 2279 405 2320 haec
437 2279 546 2319 dicit
582 2278 824 2325 Dominus,
873 2276 1000 2316 Uxor
1035 2282 1113 2315 tua
1146 2274 1191 2313 in
1227 2273 1412 2313 civitate

153 2345 530 2394 meretricabitur,
562 2351 607 2384 et
638 2343 716 2383 filii
748 2343 813 2383 tui
845 2348 889 2382 et
912 2341 1014 2381 tiliae
1041 2347 1131 2381 tuae
1165 2339 1316 2391 gladio
1339 2352 1413 2378 ca-

154 2412 279 2462 dent,
320 2416 367 2452 et
405 2417 526 2452 terra
563 2416 642 2450 tua
680 2408 881 2449 funiculo
920 2408 1146 2454 metietur,
1193 2412 1237 2445 et
1279 2411 1327 2445 tu
1370 2405 1414 2444 in

154 2484 278 2520 terra
309 2477 541 2518 immunda
577 2475 795 2523 morieris,
838 2473 979 2514 Israel
1022 2479 1172 2513 autem
1208 2471 1416 2523 captivus

155 2545 347 2586 ducetur
367 2557 394 2584 a
410 2549 530 2584 terra
547 2555 644 2583 sua.
711 2541 766 2582 Et
787 2541 920 2589 infra,
942 2539 1110 2580 Audite
1129 2539 1282 2589 itaque
1304 2537 1416 2584 111110,

98 2632 138 2661 35
157 2611 235 2664 qui
265 2610 582 2652 contribulatis
615 2609 809 2648 immane
840 2619 1098 2660 pauperem,
1137 2611 1180 2643 et
1213 2603 1416 2643 domina-

288 2769 298 2786 ⁴
323 2768 449 2807 Amos]
475 2767 508 2798 ii.
537 2769 668 2805 1,6;=·.
687 2762 1286 2802 ss,1·›;xii.11;xiii.1‚7;ix.10.
