1907 3214
234 1476 367 1502 Malachi.

451 212 509 253 96
872 224 1099 254 Erlsrom
1133 225 1306 254 GILDAE.

453 329 695 382 phetarum
743 331 960 383 priorum,
1009 337 1055 371 et
1101 330 1224 371 facta
1265 335 1334 370 est
1376 330 1443 370 ira
1486 341 1656 382 magna
1701 341 1729 368 a

455 397 654 437 Domino
687 397 1016 449 omnipotente.
1090 398 1151 438 Et
1181 397 1362 446 iterum,
1387 395 1617 446 Quoniam
1649 395 1727 448 qui

453 463 774 515 loquebantur,
807 463 949 504 locuti
982 469 1090 504 sunt
1120 464 1372 513 molestias,
1393 468 1439 503 et
1465 462 1609 503 divini
1628 462 1730 503 visa

454 528 586 579 falsa,
620 535 665 570 et
697 530 876 571 somnia
908 530 1025 570 falsa
1056 530 1379 583 loquebantur,
1399 535 1446 571 et
1468 541 1587 569 vana
1619 541 1727 568 con—

453 596 751 648 solabantur3
802 602 990 650 propter
1032 596 1118 637 hoc
1162 597 1278 637 aridi
1314 596 1424 637 facti
1459 600 1567 636 sunt
1610 595 1728 636 sicut
1769 604 1787 631 5

453 676 579 713 oves,
614 668 659 704 et
693 663 848 704 afflicti
882 668 991 704 sunt
1026 664 1242 717 quoniam
1278 677 1371 704 non
1404 667 1504 703 erat
1535 662 1727 702 sanitas.

454 729 602 783 Super
623 736 832 783 pastores
855 736 1134 771 exacervata
1165 736 1235 771 est
1265 729 1503 771 iracundia
1533 741 1650 778 mea,
1683 734 1729 769 et

453 810 591 849 super
633 810 779 848 agnos
812 797 1027 837 visitabo.
1101 797 1161 837 Et
1187 802 1293 850 post
1320 809 1484 850 pauca,
1517 795 1627 836 Vox
1660 795 1728 835 la-

453 864 758 903 mentantium
781 868 1035 915 pastorum,
1050 864 1159 916 quia
1179 864 1346 904 misera
1366 863 1491 903 facta
1512 867 1582 902 est
1598 874 1727 914 mag-

454 929 613 970 nitudo
647 942 819 970 eorum.
894 929 1003 970 Vox
1053 931 1333 982 rugientium
1375 930 1575 979 leonum,
1614 942 1727 981 quo·
1747 940 1788 968 10

453 996 576 1036 niam
609 996 748 1036 miser
779 996 929 1036 factus
958 1001 1029 1037 est
1061 997 1278 1037 decursus
1301 997 1330 1038 J
1337 996 1537 1038 ordanis.
1609 995 1728 1036 Haec

452 1063 563 1103 dicit
596 1063 824 1104 Dominus
861 1063 1166 1116 omnipotens,
1201 1063 1294 1114 Qui
1327 1063 1626 1117 possidebant
1658 1063 1728 1102 in-

454 1129 756 1179 terficiebant,
780 1135 826 1170 et
849 1143 940 1170 non
974 1131 1192 1183 poenituit
1226 1144 1329 1181 eos3
1363 1136 1424 1181 et,
1459 1130 1538 1182 qui
1559 1129 1727 1170 vende-

452 1197 565 1237 bant
586 1209 680 1246 eas,
705 1197 934 1246 dicebant,
959 1197 1238 1238 Benedictus
1263 1197 1504 1246 Dominus,
1528 1200 1573 1236 et
1595 1196 1727 1236 ditati

453 1276 627 1313 sumus,
649 1268 695 1304 et
718 1269 928 1316 pastores
961 1276 1118 1303 earum
1152 1263 1264 1304 nihil
1282 1265 1406 1317 passi
1430 1268 1538 1304 sunt
1568 1263 1615 1303 in
1647 1263 1727 1304 eis,
1748 1273 1789 1301 15

454 1330 652 1383 Propter
671 1330 793 1383 quod
815 1344 907 1371 non
927 1343 1113 1383 parcam
1129 1330 1228 1385 jam
1251 1343 1389 1384 super
1416 1330 1729 1371 inhabitantes

452 1402 637 1446 terram,
660 1397 770 1438 dicit
796 1397 1037 1438 Dominus.

522 1464 638 1517 §8st
673 1463 796 1514 Quid
832 1469 1058 1517 praeterea
1096 1468 1284 1504 sanctus
1324 1463 1582 1504 Malachias
1622 1476 1729 1516 pro-

452 1530 593 1583 pheta
614 1531 743 1571 vobis
774 1530 1135 1580 denunciaverit,
1159 1531 1330 1580 audite,
1353 1530 1469 1580 Vos,
1499 1530 1729 1583 inquiens,

453 1598 715 1638 sacerdotes
737 1598 814 1650 qui
847 1598 1062 1650 spernitis
1086 1611 1251 1638 nomen
1275 1610 1440 1646 meum,
1462 1602 1507 1638 et
1529 1597 1728 1646 dixistis,
1748 1605 1790 1634 20

456 1663 512 1704 In
545 1678 635 1718 quo
668 1665 926 1717 spernimus
956 1678 1121 1705 nomen
1158 1666 1319 1705 tuum?
1394 1663 1638 1704 Offerendo
1671 1664 1727 1704 ad

453 1731 599 1772 altare
630 1745 780 1771 meum
815 1744 958 1784 panes
987 1731 1215 1784 pollutos;
1250 1736 1296 1771 et
1327 1729 1526 1780 dixistis,
1557 1730 1605 1770 in
1637 1743 1728 1784 quo

453 1798 700 1850 polluimus
723 1811 800 1839 eos
819 1800 836 1838 Τ
910 1797 966 1838 In
991 1811 1044 1838 eo
1067 1798 1188 1850 quod
1218 1797 1418 1847 dixistis,
1442 1797 1609 1838 Mensa
1631 1797 1729 1838 Do-

453 1865 564 1904 mini
586 1879 668 1918 pro
690 1865 831 1905 nihilo
854 1869 939 1913 est,
962 1869 1008 1905 et
1030 1878 1133 1917 quae
1157 1864 1448 1917 superposita
1471 1869 1579 1904 sunt
1601 1877 1728 1917 spre-

454 1932 612 1982 vistis3
647 1932 863 1984 quoniam
886 1932 923 1970 si
947 1931 1186 1971 adducatis
1209 1944 1380 1971 caecum
1403 1930 1460 1970 ad
1478 1930 1728 1980 victimam,
1747 1938 1788 1966 25

454 2011 605 2037 nonne
637 1998 840 2037 malum?
914 1997 1039 2037 Oss'er
1067 1997 1223 2049 itaque
1244 1997 1356 2037 illud
1377 1997 1627 2050 praeposito
1649 2002 1730 2038 tuo

454 2064 492 2103 si
515 2064 735 2117 suscipiet
757 2063 887 2112 illud,
907 2063 945 2103 si
967 2064 1161 2116 accipiet
1182 2076 1425 2116 personam
1454 2068 1597 2113 tuam,
1619 2064 1729 2105 dicit

456 2131 681 2171 Dominus
718 2131 1023 2183 omnipotens.
1098 2130 1157 2170 Et
1190 2144 1309 2171 nunc
1341 2134 1530 2171 exorate
1566 2130 1728 2171 faciem

456 2198 543 2238 Dei
566 2197 724 2246 vestri,
745 2202 791 2238 et
809 2197 1120 2249 deprecamini
1149 2210 1249 2237 eum
1272 2211 1281 2248 ;
1315 2197 1362 2237 in
1393 2197 1604 2237 manibus
1626 2210 1729 2238 ves-

455 2265 537 2304 tris
562 2264 684 2305 facta
706 2269 814 2304 sunt
834 2264 947 2312 haec,
973 2264 1011 2303 si
1031 2264 1253 2316 accipiam
1277 2277 1335 2304 ex
1358 2263 1488 2304 vobis
1508 2276 1729 2317 personas
1749 2272 1790 2301 30

455 2336 649 2371 vestras.
722 2331 782 2372 Et
805 2331 986 2379 iterum,
1011 2331 1071 2371 Et
1091 2330 1312 2371 intulistis
1335 2330 1389 2371 de
1410 2330 1574 2384 rapina
1605 2331 1730 2371 clau-

454 2397 563 2437 dum
587 2403 632 2438 et
655 2398 940 2449 languidum,
958 2402 1003 2437 et
1020 2398 1240 2437 intulistis
1262 2410 1443 2438 munus
1507 2396 1729 2450 Nunquid

455 2465 703 2516 suscipiam
738 2465 850 2504 illud
885 2464 940 2504 de
976 2477 1116 2504 manu
1138 2465 1325 2505 vestra?
1353 2464 1463 2504 dicit
1485 2464 1731 2504 Dominus.

456 2530 736 2571 Maledictus
763 2531 965 2579 dolosus,
988 2531 1067 2583 qui
1087 2530 1225 2571 habet
1256 2530 1303 2570 in
1335 2543 1475 2582 grege
1495 2543 1577 2570 suo
1610 2543 1731 2570 mas-

504 2708 515 2724 ⁸
532 2710 574 2739 Et
604 2713 673 2748 post
689 2733 695 2741 .
716 2734 723 2742 .
743 2732 750 2742 .
766 2710 951 2749 D0m1'm1.s·.]
1000 2710 1071 2739 Οηι,
1163 2707 1186 2726 ¹⁸
1205 2707 1414 2746 sllnlnchius.]
1434 2707 1454 2737 i.
1472 2710 1504 2745 6,
1526 2709 1584 2745 123
1601 2707 1671 2738 viii.
1691 2709 1702 2737 1
1722 2718 1730 2745 ;

462 2755 500 2786 V.
1112 2756 1145 2785 ii.
1165 2759 1196 2793 5,
1213 2760 1255 2792 33
1281 2755 1326 2784 iii.
1343 2757 1374 2792 2,
1396 2756 1444 2785 13.
