1891 3214
566 261 792 291 EP1sT01iA
826 261 997 291 ciLDAE.
1359 254 1415 294 43

146 365 291 407 leonis
332 366 378 406 in
417 365 514 406 acie
553 378 831 419 magnopere
879 366 1083 419 dispares
1133 366 1413 418 visebantur,

147 432 364 473 acerrime
403 445 526 481 ense,
567 432 716 482 hasta,
756 433 868 485 igni,
907 433 1210 486 oppressisti?
1253 447 1412 486 parum

148 499 358 551 cogitans
405 498 721 551 propheticum
763 499 950 549 dictum,
992 499 1094 540 Viri
1136 501 1412 551 sanguinum

147 569 193 604 et
223 565 369 605 dolosi
401 577 492 604 non
524 564 826 605 dimidiabunt
857 565 952 606 dies
984 578 1106 606 suos.
1179 566 1301 616 Quid
1331 581 1412 620 pro

109 643 128 670 5
147 629 232 671 hoc
252 631 350 671 solo
371 631 685 671 retributionis
709 644 735 671 a
751 632 880 685 justo
898 631 926 671 J
932 631 1061 672 udice
1083 645 1308 684 sperares,
1327 634 1413 673 etsi

147 709 239 737 non
274 696 387 737 talla
419 703 734 749 sequerentur,
768 709 870 750 quae
906 703 1065 738 secuta
1098 703 1221 746 sunt,
1257 698 1412 738 itidem

145 762 325 803 dicente
363 775 445 815 per
480 762 777 816 Prophetam,
808 763 895 803 Vae
931 764 1028 813 tibi,
1066 764 1143 816 qui
1175 764 1411 816 praedaris,

147 841 297 869 nonne
328 834 374 869 et
404 829 503 881 ipse
534 829 845 882 praedaberis?
879 836 925 870 et
946 830 1024 883 qui
1047 829 1231 879 occidis,
1261 844 1411 871 nonne

145 900 191 935 et
213 895 310 948 ipse
342 895 592 936 occideris?
626 902 670 937 et
693 909 795 936 cum
826 895 1044 936 desiveris
1067 896 1278 948 praedari,
1303 901 1410 938 tunc

86 969 127 997 ιο
145 961 282 1001 cades
301 961 335 1001 2'

215 1027 236 1080 ς
267 1027 338 1068 34.
373 1030 384 1048 ‘
409 1027 578 1068 Nonne
609 1034 856 1080 postquam
890 1028 972 1067 tibi
1000 1040 1057 1067 ex
1083 1033 1191 1068 voto
1221 1029 1408 1069 violenti

144 1094 275 1144 regni
322 1092 568 1146 phantasia
614 1094 767 1143 cessit,
816 1093 1067 1145 cupiditate
1114 1094 1308 1134 inlectus
1352 1095 1408 1134 ad

147 1159 267 1199 viam
289 1160 547 1200 revertendi
568 1165 756 1209 rectam,
780 1159 1030 1211 diebusque
1053 1171 1105 1200 ac
1132 1160 1342 1200 noctibus
1363 1160 1408 1200 id

144 1225 377 1278 temporis,
411 1226 692 1266 conscientia
729 1225 844 1267 sorte
884 1226 1197 1278 peccaminum
1239 1240 1408 1267 remor-

84 1303 124 1332 15
143 1290 294 1341 dente,
317 1291 372 1332 de
394 1292 554 1333 deifico
576 1298 734 1333 tenore
756 1291 1173 1345 monachorumque
1199 1292 1407 1342 decretis,

142 1358 227 1397 sub
262 1357 398 1398 dente
430 1359 624 1411 primum
661 1358 806 1398 multa
839 1358 1089 1407 ruminans,
1126 1358 1230 1398 dein
1263 1372 1407 1411 popu-

142 1423 252 1464 laris
283 1436 407 1464 aurae
441 1424 692 1476 cognitioni
723 1424 973 1477 proferens,
1006 1424 1277 1464 monachum
1311 1426 1408 1465 sine

143 1489 236 1529 ullo
268 1490 568 1540 infidelitatis,
602 1496 652 1530 ut
684 1491 854 1539 aiebas,
889 1496 1113 1542 respectu,
1137 1503 1289 1530 coram
1312 1504 1406 1531 om-

145 1556 381 1608 nipotente
423 1556 541 1605 Deo,
583 1557 803 1608 angelicis
846 1556 1048 1596 vultibus
1087 1556 1404 1609 humanisque,

81 1631 124 1659 20
144 1623 306 1675 ruptis,
347 1628 399 1663 ut
439 1623 704 1675 putabatur,
747 1623 1058 1675 capacissimis
1097 1623 1203 1671 illis,
1241 1624 1405 1675 quibus

142 1688 486 1741 praecipitanter
516 1688 690 1729 involvi
727 1689 876 1729 solent
919 1688 1113 1741 pingues
1149 1690 1270 1728 tauri
1309 1702 1404 1729 mo-

141 1753 236 1794 duli
271 1755 339 1795 tui
376 1755 576 1806 retibus3
615 1755 761 1795 omnis
794 1755 938 1806 regni,
975 1755 1089 1803 auri,
1129 1755 1324 1806 argenti,
1360 1761 1404 1796 et

141 1818 287 1874 (quod
319 1820 390 1861 his
430 1822 579 1875 majus
620 1819 730 1875 est,)
774 1821 969 1873 propriae
1018 1820 1270 1861 voluntatis
1312 1821 1403 1860 dis-

141 1885 438 1928 tinctionibus
471 1887 633 1940 ruptiS,
670 1892 889 1940 perpetuo
912 1886 1109 1937 vovisti3
1143 1892 1187 1927 et
1210 1892 1318 1935 tete,
1350 1900 1402 1927 ac

79 1965 120 1993 25
140 1951 179 1991 si
203 1953 396 1994 stridulo
425 1966 588 1994 cavum
617 1953 749 2006 lapsu
781 1965 931 1993 aerem
956 1953 1105 1993 valide
1135 1958 1402 2002 sectantem,

142 2030 382 2073 saevosque
420 2020 564 2073 rapidi
607 2019 896 2072 harpagones
936 2019 1166 2071 accipitris
1207 2019 1403 2059 sinuosis

138 2083 334 2126 flexibus
366 2087 604 2134 vitantem,
637 2086 694 2125 ad
718 2091 981 2126 sanctorum
1013 2086 1094 2125 tibi
1126 2098 1402 2138 magnopere

142 2149 256 2190 fidas
287 2152 546 2204 speluncas,
581 2151 906 2203 refrigeriaque
936 2151 1179 2191 salubriter
1212 2152 1403 2203 rapuisti

139 2228 198 2255 ex
227 2228 365 2257 corvo
399 2217 687 2257 columbam?
761 2218 800 2257 Ο
831 2222 1005 2269 quanta
1031 2217 1232 2256 ecclesiae
1267 2217 1402 2256 matri

79 2291 120 2319 30
139 2281 317 2331 laetitia,
346 2283 383 2322 si
406 2296 497 2323 non
520 2288 564 2323 te
592 2288 860 2322 cunctorum
890 2282 1148 2321 mortalium
1182 2282 1324 2322 hostis
1347 2282 1401 2322 de

137 2348 241 2387 sinu
285 2348 618 2401 quodammodo
660 2348 758 2401 ejus
795 2348 1049 2399 lugubriter
1083 2348 1401 2396 abstraxisset,

138 2413 280 2454 foret!
355 2414 394 2454 O
434 2428 571 2467 quam
615 2414 826 2467 profusus
873 2414 969 2466 spei
1017 2414 1218 2454 coelestis
1259 2414 1400 2454 fomes

136 2479 482 2533 desperatorum
514 2480 741 2529 cordibus,
775 2487 818 2520 te
851 2480 896 2519 in
928 2480 1059 2519 bonis
1091 2486 1401 2532 permanente,

183 2627 192 2645 ¹
226 2629 448 2670 Visebantur]
495 2630 557 2667 1'.;
596 2630 752 2660 videbun·
835 2627 858 2645 ¹²
884 2630 1050 2669 Insteius]
1078 2630 1237 2668 Injvctus,
1267 2631 1331 2666 1;.;
1353 2631 1401 2660 in-

135 2679 200 2714 tur,
219 2676 261 2706 B.
768 2677 885 2715 jecta,
910 2676 946 2705 Γ.

182 2720 196 2740 ³
222 2722 478 2763 Prophetitrnm.]
506 2722 562 2753 ΡΞ.
582 2723 624 2752 lv.
644 2725 695 2753 27.
834 2720 859 2737 ’ἐς
884 2721 1093 2762 δἀΙιιΙινὶΜίκ]
1115 2724 1186 2752 Um.
1208 2723 1248 2753 Ιί.

183 2765 195 2785 ⁷
220 2768 443 2809 prophetam]
472 2769 562 2800 Esai.
583 2770 700 2799 xxxiii.
724 2771 769 2799 1.’
