1891 3214
573 248 801 278 EPISTOLA
835 247 1006 277 GlLDAE.
1346 240 1428 279 101

155 369 310 410 quam,
332 354 441 408 quid
464 354 679 396 Salvator
700 354 858 395 mundi
879 355 1115 406 factorque
1136 353 1272 395 dicat.
1329 354 1428 395 Vos

156 423 283 473 estis,
316 422 482 476 inquit,
502 422 570 461 sal
606 427 756 471 1011·ῑο,
778 422 899 474 quod
935 421 973 461 si
1005 421 1074 461 sal
1108 420 1360 470 evanuerit,
1382 422 1426 460 111

156 503 248 543 quo
268 489 491 530 salietur?
525 488 581 528 ad
613 489 804 528 nihilum
825 488 949 529 valet
971 488 1107 536 ultra,
1142 488 1228 527 nisi
1252 494 1301 528 ut
1321 501 1425 540 pro-

147 556 339 611 jiciatur
357 556 496 605 foras,
519 560 570 595 ut
589 555 881 596 conculcetur
899 555 955 594 ab
977 554 1250 594 hominibus.

115 632 134 659 5
223 623 245 677 §
261 623 333 664 93.
356 623 462 663 Hoc
475 635 614 662 unum
629 621 939 662 testimonium
954 621 1010 660 ad
1025 620 1327 661 confutandos
1341 620 1423 660 im-

151 690 376 743 pudentes
397 702 602 742 quosque
627 688 806 728 abunde
837 687 1042 728 sufficere
1073 692 1244 739 posset,
1264 687 1341 727 sed
1377 693 1424 728 ut

150 756 508 798 evidentioribus
548 754 696 795 adhuc
743 754 1192 807 adstipulationibus‚
1240 754 1423 806 quantis

150 824 420 877 semetipsos
432 821 794 864 intolerabilibus
808 821 1029 862 scelerum
1045 820 1244 861 fascibus
1259 820 1361 860 falsi
1380 820 1423 860 hi

151 890 412 931 sacerdotes
429 890 707 943 opprimant,
728 888 879 929 verbis
900 886 1072 927 Christi
1088 888 1422 939 comprobetur,

92 971 133 999 10
151 957 306 1010 aliqua
322 955 608 998 annectenda
622 960 744 996 sunt.
815 953 1031 1007 Sequitur
1044 953 1181 1002 enim,
1196 953 1295 993 Vos
1312 954 1422 994 ostis

150 1024 232 1065 lux
261 1024 432 1064 mundi.
505 1022 615 1064 Non
653 1026 807 1075 potest
841 1021 1002 1061 civitas
1035 1020 1251 1060 abscondi
1283 1033 1421 1073 supra

149 1096 352 1132 montem
393 1090 560 1143 posita,
598 1102 745 1141 neque
799 1087 1056 1128 accendunt
1096 1086 1327 1126 lucernam
1374 1092 1420 1127 ct

149 1162 330 1210 ponunt
360 1170 459 1198 eam
494 1156 578 1196 sub
611 1155 778 1203 modio,
799 1154 878 1194 sed
911 1166 1047 1206 super
1078 1152 1418 1202 candelabrum,

149 1229 201 1265 ut
221 1225 372 1266 luceat
392 1222 618 1272 omnibus,
639 1222 716 1275 qui
734 1222 782 1261 in
803 1220 937 1261 domo
965 1224 1087 1259 sunt.
1160 1218 1276 1269 Quis
1308 1232 1416 1270 crgo

90 1303 130 1332 15
149 1292 438 1332 sacerdotum
465 1289 602 1343 hujus
634 1288 851 1340 temporis
884 1287 949 1327 ita
978 1286 1251 1338 ignorantiae
1286 1285 1417 1325 caeci-

149 1362 291 1399 tatem
311 1357 513 1411 depellit,
534 1360 584 1396 ut
605 1368 685 1395 ceu
717 1354 800 1394 lux
831 1353 1093 1394 clarissimae
1125 1352 1338 1401 lucernae,
1371 1352 1417 1392 in

148 1425 304 1478 aliqua
333 1425 468 1465 domo
500 1421 676 1462 cunctis
708 1426 846 1461 noctu
875 1418 1178 1460 residentibus
1213 1419 1416 1459 scientia}

147 1492 282 1532 simul
302 1496 348 1532 et
368 1492 590 1531 bonorum
612 1501 798 1542 operum
819 1486 1029 1539 lampade
1052 1486 1200 1525 luceat
1221 1487 1238 1525 2
1300 1484 1416 1535 Quis

147 1558 214 1599 ita
244 1557 469 1599 universis
491 1555 695 1596 ecclesiae
724 1554 828 1594 filiis
852 1558 1017 1602 tutum,
1040 1552 1285 1604 publicum,
1308 1566 1416 1592 con-

86 1636 128 1665 20
147 1625 446 1679 spicuumque
487 1622 728 1675 refugium,
769 1626 819 1661 ut
858 1620 919 1673 sit
950 1618 1125 1660 civibus
1160 1618 1418 1659 firmissima

147 1692 264 1733 forte
295 1692 406 1733 editi
439 1689 608 1731 montis
639 1688 800 1729 civitas
834 1687 1003 1727 vertice
1037 1685 1303 1733 constituta,
1336 1685 1416 1725 ha-

146 1759 311 1800 betur?
384 1758 472 1799 Sed
494 1756 615 1809 quod
639 1755 861 1807 sequitur,
882 1753 956 1794 Sic
987 1753 1139 1792 luccat
1158 1751 1241 1791 lux
1263 1756 1416 1791 vestra

145 1839 300 1868 coram
332 1824 605 1872 hominibus,
642 1827 693 1862 ut
714 1821 899 1862 videant
934 1831 1074 1872 opera
1096 1823 1249 1858 vestra
1281 1819 1415 1867 bona,

146 1898 192 1934 et
223 1892 520 1946 magnificent
540 1889 728 1930 Patrem
750 1892 968 1934 vestrum,
990 1884 1069 1938 qui
1096 1885 1141 1924 in
1173 1885 1302 1924 coelis
1330 1890 1415 1934 est,

84 1971 124 1999 25
146 1960 248 2013 quis
269 1973 426 2001 eorum
445 1971 537 1998 uno
560 1956 721 1996 saltem
744 1955 815 1994 die
837 1957 990 2007 potest
1011 1952 1199 2004 implere
1220 1952 1237 1991 ?
1292 1950 1415 2000 Quin

145 2027 298 2080 potius
321 2025 594 2067 densissima
614 2021 824 2075 quaedam
845 2033 1001 2060 eorum
1022 2018 1203 2066 nebula,
1224 2022 1416 2069 atraque

145 2093 458 2146 peccaminum
490 2089 613 2131 0111111
650 2088 813 2128 insulae
854 2087 919 2127 ita
953 2084 1173 2125 incumbit
1216 2097 1325 2133 nox,
1367 2090 1416 2124 ut

146 2172 303 2200 omncs
325 2172 440 2212 pene
462 2170 489 2197 a
511 2156 587 2197 via
606 2161 732 2195 recta
763 2157 957 2200 avertat,
980 2165 1032 2191 ac
1054 2164 1134 2203 per
1154 2149 1301 2190 invios
1333 2150 1415 2189 im-

145 2226 415 2279 peditosque
446 2223 664 2264 scelerum
694 2220 834 2259 calles
864 2231 1015 2258 errare
1048 2217 1201 2264 faciat,
1223 2229 1415 2267 quorum

85 2309 127 2338 30
146 2306 237 2333 non
259 2292 393 2332 modo
416 2290 558 2331 Pater
581 2286 782 2328 coelestis
805 2298 895 2325 non
923 2283 1137 2324 laudatur
1160 2296 1239 2334 per
1259 2295 1413 2334 operai

193 2408 205 2426 ²
222 2409 363 2450 Inquit]
390 2409 475 2439 Mat.
492 2418 525 2438 v,
544 2410 596 2437 13.
847 2400 869 2419 ¹⁷
886 2402 1005 2442 Aliqua
1032 2402 1149 2442 domm]
1175 2401 1333 2440 Aliquam
1358 2401 1416 2431 ‹lo-

192 2455 204 2474 ⁵
234 2456 465 2496 Impudentesa]
506 2451 763 2492 Impudeutissi-
798 2460 899 2486 mum,
919 2450 961 2480 Β.

145 2514 228 2543 mOS,
251 2503 290 2534 V.
846 2494 870 2512 ’Β
887 2496 1035 2534 Lacona]
1062 2494 1178 2532 Lucet,
1198 2494 1240 2524 B.

191 2548 203 2568 ⁷
223 2548 516 2588 Evidentioribus]
552 2545 763 2583 Evidmtius,
846 2541 869 2561 ¹⁹
890 2538 1036 2585 Tutum]
1060 2541 1192 2577 Totum,
1213 2541 1254 2570 Β.

151 2597 190 2630 V.
773 2594 776 2598 '
844 2587 866 2607 ²¹
891 2589 1010 2628 EditL]
1039 2589 1083 2618 [t
1100 2588 1202 2624 edita,
1225 2588 1264 2616 Β.

191 2641 204 2661 ⁷
220 2640 568 2683 Adstipnlntionibns.]
601 2641 673 2669 0111.
698 2638 737 2669 V.
843 2634 869 2653 ²2
887 2635 1069 2675 Sequitur]
1098 2634 1179 2663 Mat.
1197 2643 1228 2663 v.
1248 2635 1298 2662 10.

193 2687 218 2708 ¹⁰
241 2690 302 2721 Vos
317 2689 424 2729 estis]
450 2688 534 2718 Mat.
552 2697 582 2717 ν.
602 2688 653 2716 14.
845 2681 869 2699 ²⁷¹
886 2682 1034 2721 Eurum]
1061 2681 1183 2710 Eorum
1201 2678 1303 2717 istud,
1328 2678 1364 2709 Γ.

184 2735 400 2768 ¹⁵Coecitatem
411 2734 552 2775 depellit,
566 2731 761 2770 utconlu-r]
844 2726 870 2749 ‘²7
892 2729 965 2768 ΓΑ]
993 2728 1043 2757 lta
1061 2731 1107 2761 111,
1129 2727 1168 2756 Ιί.

147 2784 308 2816 Caeciuitc
324 2792 513 2823 possessus,
529 2785 564 2811 ut
581 2781 652 2818 lux,
671 2779 713 2809 B.
845 2774 871 2795 ³⁰
890 2776 956 2806 I'ct·
972 2774 1093 2815 operm]
1124 2775 1196 2803 Um.
1225 2773 1260 2803 Γ.

1443 627 1513 651 from
1529 627 1576 651 the

1443 661 1571 691 Gospels;
