1907 3214
456 251 514 292 86
873 259 1098 290 EPISTOLA
1133 259 1306 290 GlLDAE.

458 365 737 415 sacerdotes,
774 369 820 405 et
855 377 947 404 non
979 365 1095 405 bene
1132 364 1351 417 populum
1390 367 1485 404 tam
1523 363 1735 417 exempla

460 446 597 487 quam
623 432 764 473 verba
794 431 1027 480 docenteS,
1055 431 1281 471 minarum
1307 430 1539 483 loquatur.
1611 430 1735 471 Nam

462 505 508 541 et
541 498 652 539 Heli
689 498 766 538 ille
805 497 1019 537 sacerdos
1056 497 1103 537 in
1140 496 1252 546 Silo,
1290 509 1375 550 pro
1406 509 1460 537 eo
1492 496 1614 549 quod
1644 510 1737 537 non

462 566 601 618 digno
643 564 745 605 Deo
783 564 881 605 zelo
932 576 1090 605 severe
1140 563 1188 603 in
1233 562 1351 604 filios
1393 567 1739 604 contemnentes

468 633 617 673 Deum
648 631 774 672 ultus
795 630 961 680 fuerat,
984 630 1064 671 sed
1094 629 1294 671 molliter
1315 634 1361 671 et
1381 629 1643 679 clementer,
1665 635 1739 671 ut·
1779 644 1797 671 5

466 704 573 752 pote
613 702 806 751 paterno
839 697 1021 748 affectu,
1053 696 1369 746 admonuerat,
1412 697 1495 738 tali
1533 696 1739 738 animad-

469 765 678 806 versione
726 764 988 814 damnatur,
1027 763 1206 804 dicente
1249 763 1305 804 ad
1345 776 1447 804 eum
1489 763 1740 817 Propheta,

471 832 589 872 Haec
637 831 747 872 dicit
786 831 1029 880 Dominus,
1070 829 1321 871 Manifeste
1357 830 1537 871 ostendi
1579 844 1650 871 me
1683 830 1741 871 ad

469 897 839 950 domumpatris
881 897 948 937 tui
988 909 1090 936 cum
1129 901 1283 937 essent
1325 896 1373 936 in
1407 897 1615 950 AEgypto
1648 910 1742 937 ser-

470 965 647 1005 vientes
667 963 942 1013 Pharaonis,
970 967 1016 1003 et
1047 962 1165 1015 elegi
1195 962 1379 1003 domum
1410 964 1556 1017 patris
1587 963 1654 1004 tui
1685 977 1744 1004 ex
1763 975 1804 1004 10

471 1032 681 1071 omnibus
709 1030 916 1071 tribubus
942 1029 1088 1070 Israel
1118 1029 1229 1070 mihi
1260 1029 1308 1070 in
1341 1030 1613 1071 sacerdotio.
1684 1030 1747 1072 Et

473 1102 578 1151 post
605 1110 768 1151 pauca,
790 1096 946 1147 Quare
979 1096 1225 1149 respexisti
1256 1096 1302 1136 in
1328 1096 1565 1137 incensum
1595 1110 1746 1138 meum

474 1170 519 1205 et
546 1165 593 1204 in
628 1163 901 1204 sacrificium
922 1177 1072 1204 meum
1096 1163 1304 1216 improbo
1336 1164 1504 1205 oculo?
1537 1169 1583 1205 et
1602 1163 1746 1205 hono-

475 1231 664 1271 rificasti
684 1230 802 1271 filios
839 1235 941 1271 tuos
972 1230 1076 1283 plus
1096 1243 1233 1283 quam
1264 1243 1351 1280 me,
1373 1235 1424 1271 ut
1456 1231 1747 1271 benediceres

475 1311 553 1338 eos
577 1310 605 1337 a
626 1296 874 1350 primordio
892 1296 939 1336 in
960 1296 1170 1337 omnibus
1204 1296 1439 1337 sacrificiis
1459 1310 1612 1338 coram
1642 1299 1745 1339 me?
1767 1307 1806 1336 15

477 1364 537 1404 Et
570 1377 692 1404 nunc
723 1363 788 1403 sic
820 1363 930 1403 dicit
964 1363 1206 1413 Dominus,
1227 1362 1457 1413 Quoniam
1492 1364 1571 1417 qui
1603 1364 1746 1405 hono-

475 1430 655 1471 rificant
688 1443 775 1479 me,
797 1429 1032 1470 honorabo
1065 1442 1170 1480 eos;
1202 1435 1248 1471 et
1267 1429 1346 1483 qui
1377 1443 1460 1483 pro
1495 1430 1638 1472 nihilo
1666 1430 1747 1471 ha-

477 1498 585 1538 bent
605 1510 691 1547 me,
724 1497 781 1537 ad
815 1496 1006 1536 nihilum
1035 1496 1315 1549 redigentur.
1387 1497 1522 1548 Ecce,
1555 1497 1651 1539 dies
1671 1511 1748 1539 ve-

477 1564 620 1613 nient,
642 1568 687 1604 et
717 1563 977 1617 disperdam
999 1577 1164 1603 nomen
1184 1569 1329 1614 tuum,
1352 1569 1398 1605 et
1418 1577 1571 1605 semen
1588 1564 1750 1606 domus

477 1631 622 1683 patris
658 1630 740 1671 tui.
812 1630 873 1670 Et
904 1629 989 1670 hoc
1020 1630 1103 1671 tibi
1133 1630 1314 1682 signum
1347 1630 1423 1681 sit,
1454 1631 1575 1684 quod
1597 1631 1750 1673 veniet
1768 1643 1811 1672 20

478 1710 616 1750 super
645 1697 760 1737 duos
792 1696 908 1737 filios
937 1702 1040 1737 tuos
1063 1696 1218 1749 Ophni
1251 1702 1296 1738 et
1318 1697 1548 1750 Phinees;
1579 1698 1627 1739 in
1658 1712 1751 1739 uno

479 1764 551 1804 die
582 1763 834 1804 morientur
865 1764 999 1804 ambo
1030 1764 1077 1803 in
1109 1763 1263 1815 gladio
1284 1764 1501 1806 virorum.
1572 1764 1621 1805 Si
1652 1765 1751 1806 haec

480 1831 635 1883 itaque
666 1830 921 1883 patiuntur,
944 1830 1022 1884 qui
1044 1830 1194 1871 verbis
1218 1835 1399 1872 tantum
1430 1831 1677 1886 subjectos,
1705 1837 1753 1873 et

481 1911 571 1937 non
603 1896 744 1949 digna
774 1897 949 1937 ultione
981 1897 1243 1947 emendant,
1265 1898 1373 1950 quid
1407 1897 1519 1951 ipsis
1548 1898 1641 1949 fiet,
1674 1899 1752 1952 qui

480 1964 536 2003 ad
560 1963 682 2003 mala
703 1963 948 2004 hortantur
966 1964 1201 2016 peccando
1222 1968 1267 2004 et
1287 1964 1508 2006 trahunt?
1769 1974 1811 2004 25

550 2030 666 2083 §77.
717 2029 839 2080 Quid
881 2029 947 2069 illi
980 2043 1161 2083 quoque
1204 2031 1495 2084 perspicuum
1536 2035 1607 2072 est
1642 2044 1751 2072 vero

482 2096 594 2145 vati,
616 2100 721 2149 post
755 2095 1064 2148 expletionem
1095 2097 1217 2149 signi
1245 2098 1302 2138 ab
1337 2098 1496 2139 eodem
1527 2098 1752 2151 praedicti,

481 2168 528 2203 et
549 2163 886 2203 restitutionem
906 2163 1047 2203 arida>
1069 2175 1233 2204 manus
1260 2164 1400 2218 impio
1420 2164 1533 2218 regi,
1554 2164 1693 2206 misso
1725 2177 1754 2205 a

481 2229 506 2269 ,Ι
517 2230 650 2270 udaea
664 2229 939 2282 prophetare
955 2230 1001 2270 in
1017 2229 1197 2280 Bcthel,
1219 2231 1556 2285 prohibitoque,
1574 2245 1631 2272 ne
1644 2231 1752 2285 quid

482 2296 649 2336 ibidem
682 2297 769 2337 cibi
801 2301 1027 2349 gustaret,
1063 2310 1116 2337 ac
1148 2297 1339 2351 decepto
1372 2299 1430 2339 ab
1468 2299 1575 2349 alio,
1603 2302 1656 2340 ut
1686 2298 1753 2339 di-
1773 2312 1813 2340 30

483 2362 617 2412 citur,
663 2363 905 2416 propheta,
942 2368 993 2404 ut
1025 2377 1186 2417 parum
1226 2365 1334 2418 quid
1376 2365 1510 2419 panis
1545 2369 1590 2406 et
1620 2378 1753 2418 aquae

485 2434 700 2479 sumeret,
751 2430 932 2481 obtigit,
972 2430 1152 2472 dicente
1192 2431 1249 2472 ad
1289 2445 1392 2473 eum
1434 2445 1518 2474 suo
1556 2432 1752 2486 hospite.

532 2601 541 2617 ⁴
560 2602 704 2642 Serena]
731 2602 882 2640 Servare,
906 2603 945 2633 13.
1121 2614 1123 2643 1
1188 2601 1212 2620 ²⁴
1230 2601 1335 2642 Fiet.]
1362 2601 1467 2640 Fecit,
1486 2600 1528 2631 B.

531 2647 541 2664 ⁴
572 2650 813 2679 ‘'mttemnenles
846 2650 951 2679 Deam
987 2650 1102 2690 allusu]
1121 2660 1123 2666 ⁸
1187 2647 1212 2666 ²⁶
1232 2649 1320 2684 Quis!
1354 2648 1403 2678 illi
1422 2671 1428 2678 .
1448 2671 1455 2678 .
1476 2670 1483 2677 .
1507 2647 1623 2677 occidit
1655 2649 1755 2689 curn]

483 2696 675 2725 contemtos
690 2696 720 2725 in
740 2696 848 2726 Deum
868 2696 994 2734 vultus,
1016 2697 1054 2728 Β.
1143 2698 1214 2726 Οιη.
1239 2695 1277 2726 V.

530 2741 541 2758 ⁵
564 2743 709 2782 Foſsatum]
738 2743 778 2772 ΙῚ
801 2746 894 2781 pum,
916 2743 954 2773 Ιῖ.
1185 2740 1212 2760 ³²
1229 2741 1396 2781 Dissuta]
1423 2744 1442 2771 2
1461 2741 1544 2781 Rog-
1565 2741 1636 2772 xiii.
1654 2744 1706 2772 21.

530 2786 541 2804 ⁷
564 2787 750 2828 l'mphetm]
778 2792 789 2819 1
811 2790 899 2819 Sam.
919 2790 952 2820 ii.
971 2793 1024 2827 25,
1041 2792 1099 2819 etc.
