1907 3214
480 240 535 280 50
897 251 1121 281 Erls'rom
1156 250 1329 280 (HLDAE.

265 364 387 429 {ggllgesf
417 371 463 389 ex·
555 356 576 409 ξ
618 355 690 397 39.
736 356 824 396 Sed
869 357 976 397 licet
1024 357 1111 398 hoc
1151 369 1292 396 unum
1346 353 1621 408 exemplum,
1665 352 1758 394 acsi

486 421 685 463 invictus
736 423 1055 476 adstipulator,
1112 423 1169 463 ad
1227 421 1522 474 corrigendos
1577 420 1759 473 iniquos

488 489 667 529 abunde
708 489 968 541 sufficeret3
1011 494 1182 538 tamen,
1224 494 1276 529 ut
1314 487 1362 528 in
1401 501 1478 528 ore
1513 487 1759 528 multorum

488 556 672 596 testium
724 570 857 597 omne
908 557 1228 610 comprobetur
1271 554 1527 595 Britanniae
1575 554 1761 603 malum,

490 628 775 663 transeamus
807 623 863 663 ad
895 628 1060 664 cetera.
1134 622 1256 673 Quid
1292 621 1444 662 David
1480 620 1761 661 numerando
1802 629 1820 656 5

492 689 708 741 populum
741 690 908 739 evenit,
941 689 1118 730 dicente
1151 689 1208 729 ad
1240 702 1343 729 eum
1374 687 1599 741 propheta
1620 686 1760 728 Gadi

495 755 612 795 Haec
635 756 744 796 dicit
767 757 1009 806 Dominus,
1041 756 1201 796 Trium
1222 755 1305 796 tibi
1324 755 1450 807 optio
1473 754 1624 804 datur,
1645 754 1763 806 elige

493 835 632 861 unum
665 824 785 875 quod
819 824 1016 864 volueris
1049 837 1106 863 ex
1138 823 1225 872 his,
1258 828 1310 863 ut
1340 821 1504 862 faciam
1536 821 1650 872 tibi3
1684 826 1763 861 aut

494 893 668 940 septem
708 890 839 929 annis
871 889 1024 930 veniet
1050 888 1133 930 tibi
1164 889 1323 938 fames,
1352 893 1431 928 aut
1461 887 1606 928 tribus
1637 900 1763 927 men-

496 954 620 994 sibus
661 954 808 1008 fugies
841 955 1128 996 adversarios
1168 960 1288 1005 tuos,
1331 959 1377 994 et
1413 954 1481 994 illi
1519 958 1565 994 te
1610 966 1763 1007 perse—
1783 966 1824 995 10

495 1026 708 1073 quentur,
733 1027 812 1062 aut
834 1027 957 1063 certo
981 1023 1125 1063 tribus
1145 1022 1303 1062 diebus
1330 1020 1415 1061 erit
1435 1020 1699 1074 pestilentia
1718 1019 1766 1061 in

496 1093 619 1127 terra
641 1094 734 1128 tua.
808 1089 930 1129 Nam
964 1094 1166 1130 arctatus
1198 1088 1280 1129 tali
1310 1087 1588 1137 conditione,
1620 1092 1666 1129 et
1685 1100 1766 1128 vo-

495 1154 594 1194 lens
625 1155 772 1206 magis
809 1155 1007 1196 incidere
1045 1156 1092 1195 111
1124 1168 1285 1194 manus
1324 1154 1626 1195 misericordis
1663 1153 1767 1203 Dei,

498 1233 635 1272 quam
668 1221 917 1271 hominum,
949 1222 1245 1275 septuaginta
1278 1221 1470 1261 millium
1500 1220 1659 1274 populi
1696 1220 1767 1260 sui

498 1292 653 1339 strage
674 1287 952 1338 humiliatur,
982 1293 1042 1338 et,
1072 1288 1119 1329 ni
1152 1301 1235 1342 pro
1263 1287 1607 1337 contribulibus,
1630 1300 1765 1341 apos·
1785 1300 1825 1329 15

499 1353 649 1394 tolicae
665 1355 870 1396 caritatis
885 1355 1066 1404 affectu,
1080 1360 1132 1395 ut
1152 1355 1255 1395 illos
1277 1354 1415 1407 plaga
1434 1368 1525 1395 non
1539 1359 1765 1406 tangeret,

498 1421 613 1461 mori
636 1421 830 1474 optavit,
852 1422 1059 1471 dicendo,
1090 1421 1191 1473 Ego
1214 1434 1331 1469 511111,
1362 1420 1439 1473 qui
1459 1420 1661 1474 peccavi,
1682 1434 1766 1473 ego

499 1492 658 1540 pastor
686 1488 840 1540 inique
871 1489 973 1541 egi3
1011 1488 1104 1537 isti,
1129 1488 1206 1540 qui
1233 1499 1341 1528 oves
1369 1492 1491 1537 sunt,
1520 1487 1628 1540 quid
1650 1486 1767 1528 sece-

501 1555 644 1594 runt?
698 1560 918 1604 vertatur,
948 1555 1153 1604 obsecro,
1196 1566 1357 1594 manus
1396 1559 1477 1595 tua
1502 1559 1664 1595 contra
1697 1567 1769 1595 me

501 1625 547 1660 et
578 1625 738 1660 contra
772 1621 957 1662 domum
988 1621 1132 1674 patris
1162 1620 1266 1670 mei,
1304 1625 1357 1660 ut
1387 1620 1768 1662 inconsideratam
1788 1631 1829 1660 20

500 1686 667 1727 mentis
706 1687 950 1728 elationem
993 1687 1177 1740 propria
1210 1692 1357 1727 morte
1398 1688 1560 1740 piaret.
1647 1687 1770 1728 Nam

502 1752 610 1805 quid
629 1753 865 1807 Scriptura
888 1755 1082 1807 amplius
1103 1754 1158 1794 de
1180 1754 1272 1794 filio
1292 1753 1390 1808 ejus
1410 1755 1598 1794 narrat?
1626 1754 1771 1804 Fecit,

500 1818 729 1871 inquiens,
751 1820 982 1870 Salomon,
1004 1820 1124 1873 quod
1146 1834 1238 1861 non
1260 1820 1495 1873 placuerat
1507 1833 1658 1861 coram
1674 1821 1771 1862 Do-

502 1886 641 1935 mino,
665 1892 711 1927 et
733 1901 824 1927 non
847 1887 1128 1941 adimplevit,
1157 1892 1207 1928 ut
1235 1891 1502 1940 sequeretur
1522 1887 1771 1928 Dominum

503 1952 621 1992 sicut
652 1958 782 2005 pater
813 1954 927 2008 ejus.
1000 1954 1133 1994 Dixit
1166 1953 1393 1994 Dominus
1425 1954 1481 1994 ad
1505 1967 1623 2003 eum,
1652 1952 1773 2004 Quia
1787 1964 1829 1992 25

503 2018 703 2059 habuisti
734 2020 820 2060 hoc
861 2020 979 2072 apud
1022 2025 1081 2069 te,
1117 2025 1161 2060 61
1193 2033 1285 2060 11011
1316 2020 1556 2060 custodisti
1586 2025 1771 2073 pactum

501 2097 650 2124 mcum
672 2090 718 2125 et
739 2092 985 2139 111-66661110,
1008 2100 1109 2139 quae
1131 2086 1345 2127 mandavi
1365 2086 1464 2136 tibi,
1485 2086 1772 2140 disrumpens

502 2151 706 2191 scindam
730 2166 918 2204 regnum
939 2158 1066 2193 11111111
1089 2157 1135 2193 61
1157 2153 1274 2193 dabo
1294 2153 1405 2193 illud
1426 2166 1558 2194 servo
1580 2158 1675 2195 tuo.

573 2217 594 2270 ς’
615 2218 686 2259 40.
710 2217 832 2269 Quid
857 2220 1033 2260 duobus
1055 2220 1306 2272 sacrilegi&
1331 2233 1460 2273 acque
1481 2225 1531 2261 ut
1551 2219 1628 2260 isti
1649 2225 1772 2270 sunt,

505 2283 651 2324 Israel
672 2286 870 2338 regibus,
887 2286 933 2326 H
941 2287 1135 2327 ieroboae
1150 2292 1193 2327 et
1213 2287 1394 2336 Baasae,
1411 2286 1591 2336 accidit,
1606 2286 1773 2337 audite,
1788 2295 1830 2325 30

503 2351 667 2403 quibus
690 2353 919 2393 sententia
940 2353 1128 2394 Domini
1149 2353 1363 2406 dirigitur
1385 2367 1466 2407 per
1487 2353 1773 2407 prophetam,

503 2416 568 2457 ita
586 2418 794 2460 dicentis,
868 2419 1066 2473 Propter
1084 2420 1205 2473 quod
1230 2419 1521 2473 magnificavi
1541 2425 1585 2460 te
1605 2419 1774 2473 princi-

503 2496 605 2534 pem
638 2498 776 2537 supra
799 2486 961 2535 Israel,
986 2487 1092 2539 quia
1122 2488 1512 2527 exacerbaverunt
1533 2499 1603 2526 me
1624 2486 1671 2526 in
1693 2499 1773 2527 va-

504 2549 724 2590 nitatibus
747 2552 856 2600 suis,
877 2565 996 2602 6666,
1020 2566 1105 2605 ego
1127 2553 1358 2593 suscitabo
1382 2557 1487 2605 post
1510 2553 1707 2592 Baasam
1729 2557 1775 2593 61

547 2708 559 2727 ⁷
582 2711 691 2751 Ham]
718 2715 737 2741 2
755 2711 843 2742 Sam.
862 2712 954 2743 xxiv,
975 2715 1027 2749 12,
1047 2715 1097 2742 17.
1200 2709 1223 2729 ³¹
1260 2710 1483 2751 Prophetam.]
1519 2713 1533 2740 1
1578 2710 1661 2750 ch.
1705 2711 1773 2742 xvi.

552 2756 565 2774 ²
593 2756 799 2798 Scriptura]
816 2761 830 2789 l
846 2759 930 2798 ch.
947 2759 991 2790 xi.
1004 2762 1035 2797 6,
1051 2761 1101 2789 ll.
1153 2760 1186 2796 2,
1200 2760 1231 2796 3,
1243 2760 1274 2787 4.
