1907 3214
456 235 512 274 34
875 243 1102 273 Eris'rom
1135 243 1307 271 GILDAE.

459 349 487 391 J
495 363 621 390 esum
644 348 877 389 Christum
898 361 1073 388 merear
1095 346 1318 400 adipisci.'
1390 344 1512 395 Quid
1545 343 1601 384 ad
1633 343 1731 383 haec

461 417 814 457 dormitantibus
837 416 1001 455 animae
1023 414 1166 454 oculis
1186 412 1426 465 aspicitis?
1476 410 1599 461 Quid
1620 410 1734 450 talia

464 483 614 523 surdis
648 495 863 522 sensuum
897 481 1083 521 auribus
1112 479 1415 519 auscultatis?
1488 477 1733 525 Discutite,

465 562 639 602 quaeso,
672 549 961 589 tenebrosam
994 552 1232 599 atramque
1268 545 1417 585 cordis
1450 544 1590 584 vestri
1626 543 1734 583 cali-

466 617 618 669 ginem
651 615 884 668 temporis,
916 620 967 654 ut
990 613 1199 654 veritatis
1233 618 1278 652 et
1313 610 1585 652 humilitatis
1617 622 1734 662 prae-
1777 618 1795 645 5

466 683 693 735 fulgidum
711 682 864 722 lumen
885 681 1038 722 videre
1059 679 1261 733 possitis,
1335 677 1624 719 Christianus
1643 689 1736 716 non

468 749 709 790 mediocris
743 748 821 788 sed
857 747 1101 801 perfectus,
1142 745 1355 786 sacerdos
1398 757 1490 785 non
1522 743 1625 784 vilis
1657 742 1736 782 sed

469 829 689 864 summus,
709 821 885 867 martyr
904 827 996 854 non
1027 813 1181 864 segnis
1214 813 1292 852 sed
1326 812 1584 864 p1·aecipuus
1611 809 1737 858 dicit,

471 882 608 922 Nunc
638 882 807 934 incipio
840 894 939 921 esse
963 879 1135 920 Christi
1166 878 1431 932 discipulus.
1504 877 1565 917 Et
1586 889 1667 917 vos
1699 876 1738 915 si

468 948 544 989 ille
562 948 617 988 de
651 948 769 989 coelo
802 947 1035 1001 projectus
1057 943 1255 994 Lucifer,
1277 945 1428 985 verbis
1459 957 1553 984 non
1583 947 1737 995 potes·
1758 947 1798 976 10

469 1020 565 1056 tate
596 1015 838 1068 erigimini,
873 1019 918 1054 et
949 1011 1283 1065 quodammodo
1315 1012 1399 1051 sub
1437 1010 1573 1051 dente
1600 1009 1738 1049 rumi-

470 1082 591 1122 natis
625 1087 671 1122 et
707 1081 911 1134 gestibus
952 1079 1254 1133 praetenditis,
1292 1091 1395 1131 quae
1437 1082 1575 1117 antea
1611 1085 1740 1117 actor

469 1155 622 1189 vester
642 1149 930 1201 depinxerat,
966 1147 1022 1186 In
1055 1146 1239 1194 coelum,
1262 1145 1490 1198 inquienS,
1520 1156 1738 1184 conscen-

469 1215 574 1255 dam
608 1220 653 1256 et
686 1228 763 1255 ero
804 1214 963 1254 similis
996 1212 1253 1253 Altissilno.
1325 1212 1385 1252 Et
1424 1212 1604 1259 iterum,
1638 1210 1740 1262 Ego

469 1282 564 1322 fodi
599 1287 643 1322 et
676 1282 769 1322 bibi
791 1293 974 1333 aquam,
1010 1285 1056 1320 et
1087 1279 1317 1320 exsiccavi
1338 1278 1534 1330 vestigio
1572 1277 1738 1330 pedum
1760 1287 1799 1315 15

468 1361 673 1389 meorum
713 1361 870 1388 omnes
911 1347 1033 1387 rivos
1072 1359 1308 1398 aggerum.
1381 1344 1533 1385 Multo
1572 1343 1740 1384 rectius

468 1416 712 1468 oportebat
733 1427 815 1455 vos
847 1414 1017 1454 imitari
1048 1413 1176 1453 illum
1208 1417 1254 1453 et
1287 1411 1459 1460 audire,
1492 1411 1569 1463 qui
1599 1411 1741 1451 totius

468 1483 688 1522 bonitatis
727 1486 771 1522 et
804 1480 1076 1520 humilitatis
1114 1493 1220 1520 vere
1252 1479 1474 1519 invictum
1508 1477 1743 1530 exemplar

469 1554 554 1597 est,
592 1549 818 1589 dicentem
854 1561 934 1600 per
974 1546 1272 1599 Prophetam,
1315 1545 1417 1599 Ego
1456 1550 1609 1585 autem
1640 1557 1741 1584 sum

467 1616 634 1656 vermis
675 1621 720 1656 et
758 1628 851 1654 non
890 1614 1041 1663 homo,
1080 1613 1374 1665 opprobrium
1418 1611 1653 1652 hominum
1696 1616 1741 1651 et
1759 1618 1801 1647 20

468 1682 664 1736 abjectio
720 1681 880 1734 plebis.
953 1679 991 1720 Ο
1045 1679 1251 1719 mirabile
1293 1678 1522 1732 quoddam
1569 1678 1741 1718 dixisse

468 1762 570 1789 eum
592 1749 886 1801 opprobrium
910 1747 1160 1795 hominum,
1189 1759 1291 1786 cuni
1314 1746 1459 1787 omnis
1482 1745 1638 1785 mundi
1659 1757 1740 1797 op-

468 1816 653 1868 probria
681 1815 915 1855 deleverit.
980 1814 1042 1855 Et
1061 1814 1225 1853 iterum
1254 1813 1301 1853 in
1324 1812 1596 1864 Evangelio,
1630 1810 1740 1852 Non

467 1895 654 1934 possum
676 1895 762 1933 ego
786 1894 812 1921 a
832 1895 903 1921 me
924 1881 1025 1934 ipso
1046 1880 1195 1920 facere
1225 1881 1486 1933 quicquam,
1508 1891 1610 1919 cum
1642 1878 1740 1931 ipse

468 1962 651 1989 coaevus
675 1948 806 1988 Patri
838 1961 890 1987 ac
923 1947 1114 2000 Spiritui
1137 1946 1308 1987 Sancto
1332 1946 1584 1986 communis
1617 1944 1739 1998 ejus·
1758 1951 1798 1980 25

467 2015 660 2067 demque
696 2014 968 2054 substantiae
1003 2013 1169 2053 coelum
1199 2018 1244 2052 et
1276 2018 1460 2060 terram,
1483 2025 1584 2051 cum
1617 2012 1741 2051 omni

467 2094 622 2121 eorum
655 2080 964 2121 inaestimabili
996 2085 1282 2127 ornamento,
1303 2079 1475 2128 fecerit,
1501 2091 1593 2118 non
1625 2078 1739 2118 alte-

466 2148 560 2188 rius
612 2148 690 2188 sed
742 2148 928 2200 propria
971 2151 1217 2199 potestate,
1261 2151 1306 2186 ct
1349 2158 1432 2186 vos
1470 2149 1741 2198 arroganter

466 2216 607 2255 verba
630 2215 879 2263 exaltasse,
896 2213 1132 2266 Propheta
1153 2213 1348 2261 dicente,
1372 2211 1494 2263 Quid
1516 2211 1739 2264 superbit,

465 2286 587 2322 terra
609 2288 653 2322 et
677 2282 825 2321 cinis?
897 2280 985 2321 Sed
1009 2280 1065 2320 ad
1084 2280 1368 2333 propositum
1392 2283 1611 2319 revertar.
1758 2288 1800 2317 30

251 2354 402 2385 mammes
421 2355 451 2380 ο(
497 2349 518 2401 ᾗ
533 2349 603 2389 75.
621 2348 753 2399 QuiS,
771 2349 974 2400 inquam,
990 2361 1048 2387 ex
1062 2347 1208 2396 vobis,
1223 2350 1274 2386 ut
1288 2345 1580 2399 Smyrnensis
1595 2344 1738 2385 eccle-

248 2387 388 2420 Polycaxp,

464 2416 543 2455 siae
561 2415 938 2468 pastoregrcgius
959 2414 1244 2467 Polycarpus
1260 2412 1431 2453 Christi
1445 2412 1593 2460 testis,
1612 2424 1739 2451 men-

1167 2542 1193 2562 ³⁰
1212 2539 1399 2586 Revertar]
1426 2543 1637 2579 Revertatur,
1655 2542 1699 2573 Β.

509 2616 514 2622 .
1164 2589 1190 2609 ³²
1206 2590 1434 2630 Polycarpum]
1469 2588 1550 2618 This
1583 2588 1739 2619 informa-

510 2637 533 2655 ω
550 2639 773 2679 Ρν·ο)ι1ιεέιι)η.]
795 2638 920 2669 Psalmi.
938 2639 1008 2669 xxi.
1031 2641 1079 2670 ll.
1117 2638 1183 2668 tion
1212 2638 1239 2667 is
1272 2636 1431 2675 gathered
1464 2634 1546 2665 from
1577 2634 1632 2665 the
1665 2635 1738 2665 Cir-

508 2684 533 2703 ²³
551 2683 745 2729 Dela-erik]
780 2686 816 2717 V.
841 2696 956 2724 passes
981 2696 1021 2716 on
1048 2689 1080 2715 to
1097 2695 1099 2721 g
1115 2685 1210 2715 cular
1231 2683 1361 2722 Epistle
1389 2682 1426 2712 os
1453 2681 1507 2711 the
1541 2681 1677 2712 Church
1703 2682 1742 2713 of

459 2732 513 2761 the
525 2731 1079 2771 words‚‘Se‹lutadpropositnm.’
1113 2732 1254 2768 Smyrna
1281 2729 1480 2767 concerning
1511 2727 1566 2758 the
1595 2731 1735 2766 martyr-

506 2777 531 2794 ²³
548 2779 753 2818 Evangelia]
778 2779 900 2809 Johan.
919 2789 949 2810 v,
968 2781 1020 2810 30.
1113 2778 1186 2807 ‹lom
1205 2776 1242 2806 of
1257 2775 1469 2814 I'olycarp,§
1487 2775 1543 2806 vii.
1561 2775 1634 2807 xiii.
1652 2775 1733 2806 edit.

505 2821 531 2842 ²⁹
549 2824 739 2864 Propheta.]
770 2825 862 2856 Eccl.
881 2836 913 2855 x.
932 2828 962 2855 9.
1093 2837 1094 2850 π
1112 2822 1233 2862 Smith,
1251 2822 1361 2854 Oxou.
1382 2824 1478 2853 1709.

513 2543 536 2561 ¹³
555 2546 734 2585 Inquiens]
760 2546 852 2576 Esai.
870 2546 938 2578 xiv,
958 2547 1010 2583 12,
1032 2548 1082 2584 13,

462 2596 502 2623 25
