1891 3214
571 269 798 298 Ei’is'rom
831 268 1002 298 GlLDAE.
1364 261 1419 301 89

151 373 338 423 offerat3
386 374 464 426 qui
507 373 772 414 recordatur
804 373 966 423 thuris,
1002 375 1133 427 quasi
1169 376 1247 427 qui
1285 376 1418 416 bene-

149 440 272 481 dicat
307 439 444 480 idolo.
517 440 635 480 Haec
669 441 822 480 onmia
853 439 1091 493 elegerunt
1121 441 1167 481 in
1191 442 1275 481 viis
1308 443 1419 491 suis,

150 512 196 548 et
215 507 263 548 in
284 507 700 548 abominationibus
722 507 816 547 suis
841 507 994 548 anima
1016 521 1171 548 eorum
1192 508 1420 549 delectata

149 579 234 615 est.

110 651 129 679 5
220 640 242 694 ᾗ
263 640 334 681 80.
357 639 387 681 J
392 641 584 681 eremias
606 653 786 693 quoque
809 641 938 693 virgo
960 640 1289 693 prophetaque,
1310 641 1418 693 quid

149 706 471 760 insipientibus
492 707 709 759 loquatur
730 707 1006 759 pastoribus,
1025 707 1264 747 attendite.
1300 706 1347 746 H
1353 720 1418 747 aec

150 772 261 813 dicit
294 774 536 824 Dominus,
564 773 687 823 Quid
719 773 992 814 invenerunt
1024 779 1177 825 patres
1200 774 1341 814 vestri
1372 773 1419 813 in

151 852 223 880 me
244 840 516 893 iniquitatis,
539 840 647 892 quia
679 839 1011 892 elongaverunt
1034 852 1061 879 a
1082 853 1168 889 me,
1195 846 1239 880 et
1260 840 1417 880 ambu-

151 905 362 947 laverunt
383 912 488 959 post
509 906 776 955 vanitatem,
809 911 855 946 et
876 907 983 946 vani
1005 905 1115 945 sacti
1141 911 1248 946 sunt
1268 908 1285 946 2
1358 906 1419 946 Et

92 989 132 1017 10
152 973 289 1025 paulo
339 979 460 1026 post,
514 973 574 1013 Et
624 972 819 1025 ingressi
851 973 1198 1012 contaminastis
1252 977 1417 1012 terram

152 1052 314 1089 meam,
343 1045 388 1080 et
419 1039 716 1079 hereditatem
748 1052 894 1078 meam
927 1039 1144 1091 posuistis
1176 1039 1222 1078 in
1246 1039 1418 1078 abomi-

153 1106 400 1147 nationem.
472 1106 740 1146 Sacerdotes
763 1118 852 1145 non
879 1105 1110 1154 dixerunt,
1132 1105 1209 1144 ubi
1230 1110 1299 1145 est
1322 1105 1418 1145 Do-

152 1172 337 1213 minus?
371 1178 416 1213 et
440 1178 647 1213 tenentes
679 1172 826 1223 legem
860 1172 1119 1211 nescierunt
1139 1185 1225 1219 me,
1248 1176 1293 1210 et
1316 1184 1419 1222 pas-

153 1244 276 1280 tores
296 1238 586 1292 praevaricati
617 1244 725 1278 sunt
754 1238 801 1278 111
833 1251 918 1278 me.
990 1237 1242 1290 Propterea
1273 1236 1420 1277 adhuc

96 1321 134 1349 15
147 1305 322 1360 judicio
364 1305 637 1346 contendam
688 1305 939 1353 vobiscum,
981 1304 1045 1344 ait
1087 1304 1329 1352 Dominus,
1375 1309 1420 1343 et

154 1385 257 1413 cum
310 1372 414 1412 filiis
455 1372 619 1412 vestris
658 1370 939 1423 disceptabo.
1012 1370 1129 1410 Item
1180 1374 1284 1422 post
1338 1369 1419 1409 ali-

154 1443 345 1492 quanta,
380 1438 550 1491 Stupor
582 1443 627 1478 et
658 1437 884 1477 mirabilia
912 1436 1035 1476 sacta
1065 1441 1171 1475 sunt
1204 1436 1249 1475 in
1283 1441 1420 1484 terra,

155 1505 390 1558 prophetae
423 1505 734 1558 pra‘dicabant
761 1503 1060 1551 mendacium,
1094 1509 1138 1543 et
1161 1501 1422 1543 sacerdotes

151 1572 492 1624 applaudebant
524 1571 732 1610 inanibus
764 1570 874 1619 suis,
896 1576 939 1610 et
966 1569 1162 1622 populus
1195 1581 1320 1608 incus
1353 1568 1419 1608 di-

92 1638 266 1682 2111οΧ11
286 1638 412 1680 talia.
485 1637 607 1688 Quid
640 1637 781 1689 igitur
804 1636 881 1677 fiet
912 1636 958 1676 111
991 1635 1249 1676 novissimis
1285 1634 1417 1687 ejus?

154 1704 240 1746 Cui
271 1704 434 1757 loquar
455 1709 501 1745 et
522 1704 830 1752 contestabor,
850 1708 901 1743 ut
933 1702 1121 1742 audiat?
1195 1701 1328 1749 Ecce,
1350 1701 1418 1740 in-

152 1772 431 1812 circumcisae
462 1784 594 1811 ames
625 1783 796 1818 eorum,
829 1774 874 1810 et
907 1768 1062 1809 audire
1085 1781 1175 1808 non
1211 1772 1418 1820 possunt.

154 1838 288 1888 Ecce,
312 1839 500 1879 verbum
533 1836 719 1877 Domini
752 1836 921 1876 factum
954 1841 1023 1876 est
1054 1834 1143 1874 illis
1175 1834 1221 1874 111
1253 1847 1419 1886 oppro-

154 1904 316 1955 brium,
353 1910 399 1945 et
435 1917 525 1944 non
558 1903 814 1955 suscipiunt
848 1902 988 1952 illud3
1034 1901 1143 1953 quia
1175 1900 1420 1940 extendam

92 1984 134 2013 25
154 1984 338 2011 manum
359 1984 506 2011 meam
538 1983 675 2023 super
695 1969 955 2009 habitantes
988 1974 1170 2016 terrain,
1193 1967 1302 2007 dicit
1324 1967 1419 2007 Do-

154 2037 319 2078 minus.
390 2036 433 2078 A
477 2037 651 2077 minore
692 2036 858 2088 quippe
900 2048 1042 2087 usque
1093 2034 1149 2073 ad
1203 2033 1419 2086 majorem

154 2117 311 2144 omnes
333 2103 539 2143 avaritiae
571 2102 772 2151 student,
801 2107 846 2142 et
877 2114 904 2141 a
936 2100 1158 2154 propheta
1189 2112 1331 2151 usque
1364 2099 1419 2138 ad

154 2169 436 2211 sacerdotem
472 2169 623 2209 cuncti
658 2168 831 2208 faciunt
864 2167 1033 2207 dolum.
1107 2166 1166 2206 Et
1199 2166 1421 2205 curabant

155 2236 474 2277 contritionem
507 2234 610 2274 filiae
643 2234 799 2286 populi
831 2234 918 2272 mei
948 2246 1050 2272 cum
1083 2231 1333 2282 ignominia
1352 2231 1419 2270 di-

95 2316 136 2344 30
155 2307 325 2351 centes,
352 2301 470 2350 Pax,
492 2313 598 2353 pax,
621 2306 667 2340 et
689 2313 778 2339 non
799 2300 884 2339 erit
904 2312 1011 2352 pax.
1085 2297 1274 2337 Consusi
1297 2302 1419 2345 sunt,

156 2369 234 2421 qui
266 2367 649 2409 abominationem
682 2365 900 2405 fecerunt.
974 2363 1098 2414 Quin
1130 2363 1280 2416 potius
1313 2376 1419 2402 con-

156 2434 334 2476 fusione
375 2447 465 2474 non
508 2438 615 2472 sunt
656 2431 848 2480 confusi,
885 2437 929 2471 et
971 2431 1234 2470 erubescere
1277 2429 1420 2469 nesci-

156 2507 305 2543 erunt.
377 2499 684 2551 Quamobrem
702 2498 865 2538 cadent
884 2497 1002 2537 inter
1025 2502 1222 2544 ruentes,
1243 2495 1286 2535 in
1308 2502 1420 2535 tem-

156 2582 266 2622 pore
287 2565 564 2609 visitationis
596 2578 751 2605 eorum
774 2568 1014 2613 corruent,
1049 2563 1159 2603 dicit
1182 2562 1420 2602 Dominus.

203 2741 421 2788 ⁵.leremias.]
464 2745 581 2775 Ierem.
616 2745 649 2774 ii.
679 2747 710 2781 5,
742 2746 773 2777 7,
813 2753 842 2772 x.
873 2744 933 2777 303
959 2742 1003 2771 xi.
1035 2743 1093 2776 153
1125 2740 1181 2769 xii.
1211 2742 1250 2776 0;
1277 2739 1342 2768 xiv.
1374 2741 1425 2776 10,

158 2796 198 2831 9;
222 2803 252 2823 v.
272 2795 333 2832 30;
358 2793 401 2823 vi.
423 2794 616 2836 10‚12‚2{3;
635 2792 690 2822 vii.
712 2793 773 2827 113
815 2792 873 2825 13;
900 2788 992 2818 xxiii.
1017 2790 1043 2825 Ι,
1061 2789 1119 2816 ι’(ς.

1436 653 1587 682 Jcrenliab,
