<?xml version="1.0" encoding="UTF-8"?>
<!DOCTYPE html PUBLIC "-//W3C//DTD XHTML 1.0 Transitional//EN"
    "http://www.w3.org/TR/xhtml1/DTD/xhtml1-transitional.dtd">
<html xmlns="http://www.w3.org/1999/xhtml" xml:lang="en" lang="en">
 <head>
  <title>
</title>
<meta http-equiv="Content-Type" content="text/html;charset=utf-8" />
  <meta name='ocr-system' content='tesseract 3.04.00' />
  <meta name='ocr-capabilities' content='ocr_page ocr_carea ocr_par ocr_line ocrx_word'/>
</head>
<body>
  <div class='ocr_page' id='page_1' title='image "./gildasdeexcidiob00gilduoft_0092.png"; bbox 0 0 1907 3214; ppageno 0'>
   <div class='ocr_carea' id='block_1_1' title="bbox 495 258 1351 306">
    <p class='ocr_par' dir='ltr' id='par_1_1' title="bbox 495 258 1351 306">
     <span class='ocr_line' id='line_1_1' title="bbox 495 258 1351 306; baseline 0.009 -8"><span class='ocrx_word' id='word_1_1' title='bbox 495 258 553 299; x_wconf 79' lang='lat'>38</span> <span class='ocrx_word' id='word_1_2' title='bbox 920 273 1146 304; x_wconf 76' lang='lat' dir='ltr'>EPISTOLA</span> <span class='ocrx_word' id='word_1_3' title='bbox 1180 276 1351 306; x_wconf 77' lang='lat' dir='ltr'><strong>GILDAE.</strong></span> 
     </span>
    </p>
   </div>
   <div class='ocr_carea' id='block_1_2' title="bbox 479 375 1829 2422">
    <p class='ocr_par' dir='ltr' id='par_1_2' title="bbox 479 375 1829 2422">
     <span class='ocr_line' id='line_1_2' title="bbox 497 375 1769 434; baseline 0.009 -20"><span class='ocrx_word' id='word_1_4' title='bbox 497 375 638 427; x_wconf 88' lang='lat' dir='ltr'>pallia</span> <span class='ocrx_word' id='word_1_5' title='bbox 685 378 981 429; x_wconf 77' lang='lat' dir='ltr'>attingerent.</span> <span class='ocrx_word' id='word_1_6' title='bbox 1055 379 1116 420; x_wconf 89' lang='lat' dir='ltr'>Et</span> <span class='ocrx_word' id='word_1_7' title='bbox 1162 380 1247 421; x_wconf 92' lang='lat' dir='ltr'>hoc</span> <span class='ocrx_word' id='word_1_8' title='bbox 1288 395 1344 421; x_wconf 93' lang='lat' dir='ltr'>ne</span> <span class='ocrx_word' id='word_1_9' title='bbox 1392 388 1495 434; x_wconf 91' lang='lat' dir='ltr'>post</span> <span class='ocrx_word' id='word_1_10' title='bbox 1537 383 1769 426; x_wconf 88' lang='lat' dir='ltr'>laudanda</span> 
     </span>
     <span class='ocr_line' id='line_1_3' title="bbox 496 442 1768 497; baseline 0.009 -16"><span class='ocrx_word' id='word_1_11' title='bbox 496 442 677 494; x_wconf 88' lang='lat' dir='ltr'>quidem</span> <span class='ocrx_word' id='word_1_12' title='bbox 710 444 870 484; x_wconf 86' lang='lat' dir='ltr'>merita</span> <span class='ocrx_word' id='word_1_13' title='bbox 897 445 1018 497; x_wconf 78' lang='lat' dir='ltr'>egit3</span> <span class='ocrx_word' id='word_1_14' title='bbox 1059 459 1164 485; x_wconf 86' lang='lat' dir='ltr'>nam</span> <span class='ocrx_word' id='word_1_15' title='bbox 1197 448 1353 488; x_wconf 89' lang='lat' dir='ltr'>multis</span> <span class='ocrx_word' id='word_1_16' title='bbox 1374 454 1482 490; x_wconf 85' lang='lat' dir='ltr'>ante</span> <span class='ocrx_word' id='word_1_17' title='bbox 1513 452 1646 491; x_wconf 91' lang='lat' dir='ltr'>annis</span> <span class='ocrx_word' id='word_1_18' title='bbox 1672 464 1768 492; x_wconf 89' lang='lat' dir='ltr'>cre-</span> 
     </span>
     <span class='ocr_line' id='line_1_4' title="bbox 496 508 1770 569; baseline 0.01 -23"><span class='ocrx_word' id='word_1_19' title='bbox 496 508 587 548; x_wconf 86' lang='lat' dir='ltr'>bris</span> <span class='ocrx_word' id='word_1_20' title='bbox 619 509 950 563; x_wconf 79' lang='lat' dir='ltr'>alternatisque</span> <span class='ocrx_word' id='word_1_21' title='bbox 981 511 1223 553; x_wconf 79' lang='lat' dir='ltr'>foetoribus</span> <span class='ocrx_word' id='word_1_22' title='bbox 1254 514 1582 557; x_wconf 80' lang='lat' dir='ltr'>adulteriorum</span> <span class='ocrx_word' id='word_1_23' title='bbox 1603 518 1770 569; x_wconf 90' lang='lat' dir='ltr'>victus,</span> 
     </span>
     <span class='ocr_line' id='line_1_5' title="bbox 495 574 1768 637; baseline 0.009 -24"><span class='ocrx_word' id='word_1_24' title='bbox 495 574 701 626; x_wconf 78' lang='lat' dir='ltr'>legitima</span> <span class='ocrx_word' id='word_1_25' title='bbox 731 589 876 617; x_wconf 73' lang='lat' dir='ltr'>uxore</span> <span class='ocrx_word' id='word_1_26' title='bbox 910 583 1072 619; x_wconf 87' lang='lat' dir='ltr'>contra</span> <span class='ocrx_word' id='word_1_27' title='bbox 1110 578 1282 621; x_wconf 85' lang='lat' dir='ltr'>Christi</span> <span class='ocrx_word' id='word_1_28' title='bbox 1314 581 1623 636; x_wconf 85' lang='lat' dir='ltr'>Magistrique</span> <span class='ocrx_word' id='word_1_29' title='bbox 1657 597 1768 637; x_wconf 81' lang='lat' dir='ltr'>gen-</span> 
     </span>
     <span class='ocr_line' id='line_1_6' title="bbox 496 641 1828 699; baseline 0.01 -20"><span class='ocrx_word' id='word_1_30' title='bbox 496 641 609 680; x_wconf 85' lang='lat' dir='ltr'>tium</span> <span class='ocrx_word' id='word_1_31' title='bbox 638 642 932 684; x_wconf 85' lang='lat' dir='ltr'>interdictum</span> <span class='ocrx_word' id='word_1_32' title='bbox 956 644 1162 698; x_wconf 90' lang='lat' dir='ltr'>depulsa,</span> <span class='ocrx_word' id='word_1_33' title='bbox 1184 647 1449 698; x_wconf 83' lang='lat' dir='ltr'>dicentium,</span> <span class='ocrx_word' id='word_1_34' title='bbox 1483 648 1619 699; x_wconf 83' lang='lat' dir='ltr'>Quod</span> <span class='ocrx_word' id='word_1_35' title='bbox 1640 650 1768 691; x_wconf 89' lang='lat' dir='ltr'>Deus</span> <span class='ocrx_word' id='word_1_36' title='bbox 1809 664 1828 691; x_wconf 85' lang='lat'>5</span> 
     </span>
     <span class='ocr_line' id='line_1_7' title="bbox 494 707 1768 769; baseline 0.009 -23"><span class='ocrx_word' id='word_1_37' title='bbox 494 707 753 761; x_wconf 75' lang='lat' dir='ltr'>conjunxit,</span> <span class='ocrx_word' id='word_1_38' title='bbox 776 709 910 751; x_wconf 92' lang='lat' dir='ltr'>homo</span> <span class='ocrx_word' id='word_1_39' title='bbox 928 724 1020 751; x_wconf 88' lang='lat' dir='ltr'>non</span> <span class='ocrx_word' id='word_1_40' title='bbox 1044 718 1241 765; x_wconf 86' lang='lat' dir='ltr'>separet,</span> <span class='ocrx_word' id='word_1_41' title='bbox 1258 719 1319 763; x_wconf 85' lang='lat' dir='ltr'>et,</span> <span class='ocrx_word' id='word_1_42' title='bbox 1341 714 1460 764; x_wconf 91' lang='lat' dir='ltr'>Viri,</span> <span class='ocrx_word' id='word_1_43' title='bbox 1482 716 1659 769; x_wconf 84' lang='lat' dir='ltr'>diligite</span> <span class='ocrx_word' id='word_1_44' title='bbox 1680 730 1768 758; x_wconf 84' lang='lat' dir='ltr'>ux-</span> 
     </span>
     <span class='ocr_line' id='line_1_8' title="bbox 493 775 1769 834; baseline 0.01 -22"><span class='ocrx_word' id='word_1_45' title='bbox 493 786 595 813; x_wconf 87' lang='lat' dir='ltr'>ores</span> <span class='ocrx_word' id='word_1_46' title='bbox 610 780 804 816; x_wconf 83' lang='lat' dir='ltr'>vestras.</span> <span class='ocrx_word' id='word_1_47' title='bbox 846 775 1197 819; x_wconf 89' lang='lat' dir='ltr'>Amarissimum</span> <span class='ocrx_word' id='word_1_48' title='bbox 1220 781 1340 821; x_wconf 89' lang='lat' dir='ltr'>enim</span> <span class='ocrx_word' id='word_1_49' title='bbox 1362 782 1591 834; x_wconf 82' lang='lat' dir='ltr'>quoddam</span> <span class='ocrx_word' id='word_1_50' title='bbox 1605 783 1769 825; x_wconf 85' lang='lat' dir='ltr'>devite</span> 
     </span>
     <span class='ocr_line' id='line_1_9' title="bbox 493 839 1769 891; baseline 0.01 -13"><span class='ocrx_word' id='word_1_51' title='bbox 493 839 793 880; x_wconf 76' lang='lat' dir='ltr'>Sodomorum</span> <span class='ocrx_word' id='word_1_52' title='bbox 817 843 864 883; x_wconf 90' lang='lat' dir='ltr'>in</span> <span class='ocrx_word' id='word_1_53' title='bbox 886 844 1035 884; x_wconf 91' lang='lat' dir='ltr'>cordis</span> <span class='ocrx_word' id='word_1_54' title='bbox 1064 846 1134 885; x_wconf 90' lang='lat' dir='ltr'>sui</span> <span class='ocrx_word' id='word_1_55' title='bbox 1155 846 1441 888; x_wconf 86' lang='lat' dir='ltr'>infructuosa</span> <span class='ocrx_word' id='word_1_56' title='bbox 1459 850 1580 890; x_wconf 90' lang='lat' dir='ltr'>bono</span> <span class='ocrx_word' id='word_1_57' title='bbox 1607 851 1769 891; x_wconf 90' lang='lat' dir='ltr'>semini</span> 
     </span>
     <span class='ocr_line' id='line_1_10' title="bbox 493 905 1768 968; baseline 0.01 -24"><span class='ocrx_word' id='word_1_58' title='bbox 493 905 644 956; x_wconf 84' lang='lat' dir='ltr'>gleba,</span> <span class='ocrx_word' id='word_1_59' title='bbox 694 909 985 950; x_wconf 82' lang='lat' dir='ltr'>surculamen</span> <span class='ocrx_word' id='word_1_60' title='bbox 1028 911 1362 953; x_wconf 81' lang='lat' dir='ltr'>incredulitatis</span> <span class='ocrx_word' id='word_1_61' title='bbox 1406 919 1452 955; x_wconf 86' lang='lat' dir='ltr'>et</span> <span class='ocrx_word' id='word_1_62' title='bbox 1491 915 1768 968; x_wconf 75' lang='lat' dir='ltr'>insipientiae</span> 
     </span>
     <span class='ocr_line' id='line_1_11' title="bbox 493 971 1829 1036; baseline 0.01 -26"><span class='ocrx_word' id='word_1_63' title='bbox 493 971 802 1023; x_wconf 77' lang='lat' dir='ltr'>plantaverat,</span> <span class='ocrx_word' id='word_1_64' title='bbox 840 976 960 1028; x_wconf 90' lang='lat' dir='ltr'>quod</span> <span class='ocrx_word' id='word_1_65' title='bbox 994 977 1197 1029; x_wconf 79' lang='lat' dir='ltr'>vulgatis</span> <span class='ocrx_word' id='word_1_66' title='bbox 1229 979 1583 1034; x_wconf 89' lang='lat' dir='ltr'>domesticisque</span> <span class='ocrx_word' id='word_1_67' title='bbox 1607 983 1767 1036; x_wconf 88' lang='lat' dir='ltr'>impie·</span> <span class='ocrx_word' id='word_1_68' title='bbox 1788 994 1829 1024; x_wconf 88' lang='lat'>10</span> 
     </span>
     <span class='ocr_line' id='line_1_12' title="bbox 494 1037 1766 1099; baseline 0.01 -22"><span class='ocrx_word' id='word_1_69' title='bbox 494 1037 683 1088; x_wconf 80' lang='lat' dir='ltr'>tatibus,</span> <span class='ocrx_word' id='word_1_70' title='bbox 706 1040 832 1082; x_wconf 75' lang='lat' dir='ltr'>velut</span> <span class='ocrx_word' id='word_1_71' title='bbox 864 1043 1136 1094; x_wconf 88' lang='lat' dir='ltr'>quibusdam</span> <span class='ocrx_word' id='word_1_72' title='bbox 1169 1046 1408 1087; x_wconf 72' lang='lat' dir='ltr'>venenatis</span> <span class='ocrx_word' id='word_1_73' title='bbox 1440 1047 1675 1099; x_wconf 88' lang='lat' dir='ltr'>imbribus,</span> <span class='ocrx_word' id='word_1_74' title='bbox 1706 1050 1766 1090; x_wconf 91' lang='lat' dir='ltr'>ir-</span> 
     </span>
     <span class='ocr_line' id='line_1_13' title="bbox 492 1104 1767 1168; baseline 0.011 -25"><span class='ocrx_word' id='word_1_75' title='bbox 492 1104 708 1155; x_wconf 76' lang='lat' dir='ltr'>rigatum,</span> <span class='ocrx_word' id='word_1_76' title='bbox 742 1112 788 1146; x_wconf 87' lang='lat' dir='ltr'>et</span> <span class='ocrx_word' id='word_1_77' title='bbox 821 1108 879 1147; x_wconf 92' lang='lat' dir='ltr'>ad</span> <span class='ocrx_word' id='word_1_78' title='bbox 907 1109 995 1149; x_wconf 92' lang='lat' dir='ltr'>Dei</span> <span class='ocrx_word' id='word_1_79' title='bbox 1032 1110 1252 1151; x_wconf 87' lang='lat' dir='ltr'>offensam</span> <span class='ocrx_word' id='word_1_80' title='bbox 1280 1112 1460 1153; x_wconf 80' lang='lat' dir='ltr'>avidius</span> <span class='ocrx_word' id='word_1_81' title='bbox 1493 1127 1541 1155; x_wconf 93' lang='lat' dir='ltr'>se</span> <span class='ocrx_word' id='word_1_82' title='bbox 1569 1116 1767 1168; x_wconf 80' lang='lat' dir='ltr'>erigens,</span> 
     </span>
     <span class='ocr_line' id='line_1_14' title="bbox 491 1171 1766 1231; baseline 0.012 -22"><span class='ocrx_word' id='word_1_83' title='bbox 491 1171 723 1222; x_wconf 87' lang='lat' dir='ltr'>parricidii</span> <span class='ocrx_word' id='word_1_84' title='bbox 761 1174 1081 1227; x_wconf 80' lang='lat' dir='ltr'>sacrilegiique</span> <span class='ocrx_word' id='word_1_85' title='bbox 1117 1178 1286 1218; x_wconf 90' lang='lat' dir='ltr'>crimen</span> <span class='ocrx_word' id='word_1_86' title='bbox 1329 1179 1549 1231; x_wconf 84' lang='lat' dir='ltr'>produxit</span> <span class='ocrx_word' id='word_1_87' title='bbox 1589 1182 1636 1222; x_wconf 92' lang='lat' dir='ltr'>in</span> <span class='ocrx_word' id='word_1_88' title='bbox 1672 1196 1766 1223; x_wconf 91' lang='lat' dir='ltr'>me—</span> 
     </span>
     <span class='ocr_line' id='line_1_15' title="bbox 491 1236 1765 1296; baseline 0.013 -21"><span class='ocrx_word' id='word_1_89' title='bbox 491 1236 630 1277; x_wconf 87' lang='lat' dir='ltr'>dium.</span> <span class='ocrx_word' id='word_1_90' title='bbox 704 1238 792 1279; x_wconf 85' lang='lat' dir='ltr'>Sed</span> <span class='ocrx_word' id='word_1_91' title='bbox 840 1254 923 1281; x_wconf 91' lang='lat' dir='ltr'>nec</span> <span class='ocrx_word' id='word_1_92' title='bbox 968 1241 1117 1282; x_wconf 89' lang='lat' dir='ltr'>adhuc</span> <span class='ocrx_word' id='word_1_93' title='bbox 1164 1245 1365 1296; x_wconf 86' lang='lat' dir='ltr'>priorum</span> <span class='ocrx_word' id='word_1_94' title='bbox 1407 1247 1580 1287; x_wconf 91' lang='lat' dir='ltr'>retibus</span> <span class='ocrx_word' id='word_1_95' title='bbox 1621 1249 1765 1291; x_wconf 88' lang='lat' dir='ltr'>malo-</span> 
     </span>
     <span class='ocr_line' id='line_1_16' title="bbox 492 1305 1826 1364; baseline 0.012 -23"><span class='ocrx_word' id='word_1_96' title='bbox 492 1316 590 1342; x_wconf 83' lang='lat' dir='ltr'>rum</span> <span class='ocrx_word' id='word_1_97' title='bbox 612 1305 872 1357; x_wconf 75' lang='lat' dir='ltr'>expeditus,</span> <span class='ocrx_word' id='word_1_98' title='bbox 895 1308 1056 1359; x_wconf 84' lang='lat' dir='ltr'>priscis</span> <span class='ocrx_word' id='word_1_99' title='bbox 1077 1311 1281 1351; x_wconf 88' lang='lat' dir='ltr'>recentia</span> <span class='ocrx_word' id='word_1_100' title='bbox 1302 1318 1441 1364; x_wconf 78' lang='lat' dir='ltr'>auget</span> <span class='ocrx_word' id='word_1_101' title='bbox 1462 1314 1609 1355; x_wconf 88' lang='lat' dir='ltr'>malis.</span> <span class='ocrx_word' id='word_1_102' title='bbox 1786 1324 1826 1352; x_wconf 86' lang='lat'>15</span> 
     </span>
     <span class='ocr_line' id='line_1_17' title="bbox 560 1370 1765 1434; baseline 0.012 -25"><span class='ocrx_word' id='word_1_103' title='bbox 560 1370 582 1423; x_wconf 53' lang='grc' dir='ltr'>ᾗ</span> <span class='ocrx_word' id='word_1_104' title='bbox 603 1370 674 1410; x_wconf 71' lang='lat'>29.</span> <span class='ocrx_word' id='word_1_105' title='bbox 710 1375 721 1391; x_wconf 86' lang='lat'>‘</span> <span class='ocrx_word' id='word_1_106' title='bbox 737 1370 979 1426; x_wconf 73' lang='lat' dir='ltr'>Agejam,&#39;</span> <span class='ocrx_word' id='word_1_107' title='bbox 995 1374 1150 1429; x_wconf 87' lang='lat' dir='ltr'>(quasi</span> <span class='ocrx_word' id='word_1_108' title='bbox 1167 1384 1438 1429; x_wconf 77' lang='lat' dir='ltr'>praesentem</span> <span class='ocrx_word' id='word_1_109' title='bbox 1455 1392 1615 1432; x_wconf 79' lang='lat' dir='ltr'>arguo,</span> <span class='ocrx_word' id='word_1_110' title='bbox 1630 1395 1765 1434; x_wconf 90' lang='lat' dir='ltr'>quem</span> 
     </span>
     <span class='ocr_line' id='line_1_18' title="bbox 491 1435 1764 1499; baseline 0.013 -26"><span class='ocrx_word' id='word_1_111' title='bbox 491 1435 638 1475; x_wconf 86' lang='lat' dir='ltr'>adhuc</span> <span class='ocrx_word' id='word_1_112' title='bbox 656 1450 895 1490; x_wconf 87' lang='lat' dir='ltr'>superesse</span> <span class='ocrx_word' id='word_1_113' title='bbox 918 1454 1009 1481; x_wconf 92' lang='lat' dir='ltr'>non</span> <span class='ocrx_word' id='word_1_114' title='bbox 1032 1441 1227 1497; x_wconf 86' lang='lat' dir='ltr'>nescio,)</span> <span class='ocrx_word' id='word_1_115' title='bbox 1248 1448 1260 1464; x_wconf 81' lang='lat'>‘</span> <span class='ocrx_word' id='word_1_116' title='bbox 1277 1443 1400 1494; x_wconf 87' lang='lat' dir='ltr'>Quid</span> <span class='ocrx_word' id='word_1_117' title='bbox 1421 1450 1578 1499; x_wconf 87' lang='lat' dir='ltr'>stupes</span> <span class='ocrx_word' id='word_1_118' title='bbox 1599 1449 1764 1489; x_wconf 84' lang='lat' dir='ltr'>animae</span> 
     </span>
     <span class='ocr_line' id='line_1_19' title="bbox 490 1502 1764 1558; baseline 0.013 -18"><span class='ocrx_word' id='word_1_119' title='bbox 490 1502 696 1543; x_wconf 78' lang='lat' dir='ltr'>carnifex</span> <span class='ocrx_word' id='word_1_120' title='bbox 718 1506 913 1557; x_wconf 61' lang='lat' dir='ltr'>propriae</span> <span class='ocrx_word' id='word_1_121' title='bbox 932 1508 950 1546; x_wconf 56' lang='lat' dir='ltr'>s?</span> <span class='ocrx_word' id='word_1_122' title='bbox 1023 1507 1144 1558; x_wconf 84' lang='lat' dir='ltr'>Quid</span> <span class='ocrx_word' id='word_1_123' title='bbox 1168 1510 1250 1550; x_wconf 89' lang='lat' dir='ltr'>tibi</span> <span class='ocrx_word' id='word_1_124' title='bbox 1272 1510 1477 1552; x_wconf 87' lang='lat' dir='ltr'>flammas</span> <span class='ocrx_word' id='word_1_125' title='bbox 1497 1513 1663 1555; x_wconf 87' lang='lat' dir='ltr'>inferni</span> <span class='ocrx_word' id='word_1_126' title='bbox 1683 1529 1764 1556; x_wconf 87' lang='lat' dir='ltr'>vo-</span> 
     </span>
     <span class='ocr_line' id='line_1_20' title="bbox 489 1567 1764 1632; baseline 0.013 -26"><span class='ocrx_word' id='word_1_127' title='bbox 489 1567 688 1609; x_wconf 86' lang='lat' dir='ltr'>luntarie</span> <span class='ocrx_word' id='word_1_128' title='bbox 712 1573 923 1612; x_wconf 86' lang='lat' dir='ltr'>accendis</span> <span class='ocrx_word' id='word_1_129' title='bbox 945 1587 1236 1627; x_wconf 89' lang='lat' dir='ltr'>nequaquam</span> <span class='ocrx_word' id='word_1_130' title='bbox 1262 1577 1551 1621; x_wconf 74' lang='lat' dir='ltr'>defecturas?</span> <span class='ocrx_word' id='word_1_131' title='bbox 1624 1580 1764 1632; x_wconf 85' lang='lat' dir='ltr'>Quid,</span> 
     </span>
     <span class='ocr_line' id='line_1_21' title="bbox 487 1634 1826 1699; baseline 0.011 -27"><span class='ocrx_word' id='word_1_132' title='bbox 487 1634 774 1676; x_wconf 85' lang='lat' dir='ltr'>inimicorum</span> <span class='ocrx_word' id='word_1_133' title='bbox 804 1638 918 1689; x_wconf 75' lang='lat' dir='ltr'>vice,</span> <span class='ocrx_word' id='word_1_134' title='bbox 952 1642 1149 1694; x_wconf 84' lang='lat' dir='ltr'>propriis</span> <span class='ocrx_word' id='word_1_135' title='bbox 1182 1648 1225 1683; x_wconf 92' lang='lat' dir='ltr'>te</span> <span class='ocrx_word' id='word_1_136' title='bbox 1251 1644 1456 1685; x_wconf 88' lang='lat' dir='ltr'>confodis</span> <span class='ocrx_word' id='word_1_137' title='bbox 1488 1652 1652 1699; x_wconf 88' lang='lat' dir='ltr'>sponte</span> <span class='ocrx_word' id='word_1_138' title='bbox 1684 1661 1763 1689; x_wconf 88' lang='lat' dir='ltr'>en·</span> <span class='ocrx_word' id='word_1_139' title='bbox 1783 1658 1826 1687; x_wconf 86' lang='lat'>20</span> 
     </span>
     <span class='ocr_line' id='line_1_22' title="bbox 487 1700 1763 1762; baseline 0.013 -23"><span class='ocrx_word' id='word_1_140' title='bbox 487 1700 629 1751; x_wconf 84' lang='lat' dir='ltr'>sibus,</span> <span class='ocrx_word' id='word_1_141' title='bbox 666 1702 844 1744; x_wconf 73' lang='lat' dir='ltr'>hastis?</span> <span class='ocrx_word' id='word_1_142' title='bbox 886 1718 1005 1746; x_wconf 89' lang='lat' dir='ltr'>anne</span> <span class='ocrx_word' id='word_1_143' title='bbox 1044 1708 1146 1760; x_wconf 88' lang='lat' dir='ltr'>ipsa</span> <span class='ocrx_word' id='word_1_144' title='bbox 1183 1710 1366 1762; x_wconf 90' lang='lat' dir='ltr'>quidem</span> <span class='ocrx_word' id='word_1_145' title='bbox 1400 1711 1630 1755; x_wconf 86' lang='lat' dir='ltr'>virulenta</span> <span class='ocrx_word' id='word_1_146' title='bbox 1666 1727 1763 1756; x_wconf 90' lang='lat' dir='ltr'>sce-</span> 
     </span>
     <span class='ocr_line' id='line_1_23' title="bbox 487 1766 1763 1833; baseline 0.014 -28"><span class='ocrx_word' id='word_1_147' title='bbox 487 1766 631 1807; x_wconf 88' lang='lat' dir='ltr'>lerum</span> <span class='ocrx_word' id='word_1_148' title='bbox 675 1782 729 1809; x_wconf 90' lang='lat' dir='ltr'>ac</span> <span class='ocrx_word' id='word_1_149' title='bbox 761 1770 799 1810; x_wconf 92' lang='lat' dir='ltr'>si</span> <span class='ocrx_word' id='word_1_150' title='bbox 831 1773 999 1824; x_wconf 91' lang='lat' dir='ltr'>pocula</span> <span class='ocrx_word' id='word_1_151' title='bbox 1039 1780 1200 1827; x_wconf 85' lang='lat' dir='ltr'>pectus</span> <span class='ocrx_word' id='word_1_152' title='bbox 1234 1781 1363 1817; x_wconf 91' lang='lat' dir='ltr'>tuum</span> <span class='ocrx_word' id='word_1_153' title='bbox 1403 1780 1572 1820; x_wconf 85' lang='lat' dir='ltr'>satiare</span> <span class='ocrx_word' id='word_1_154' title='bbox 1605 1781 1763 1833; x_wconf 88' lang='lat' dir='ltr'>quive—</span> 
     </span>
     <span class='ocr_line' id='line_1_24' title="bbox 486 1835 1763 1899; baseline 0.014 -28"><span class='ocrx_word' id='word_1_155' title='bbox 486 1836 624 1875; x_wconf 70' lang='lat' dir='ltr'>runt?</span> <span class='ocrx_word' id='word_1_156' title='bbox 698 1835 914 1890; x_wconf 85' lang='lat' dir='ltr'>Respice,</span> <span class='ocrx_word' id='word_1_157' title='bbox 955 1853 1128 1892; x_wconf 75' lang='lat' dir='ltr'>quaeso,</span> <span class='ocrx_word' id='word_1_158' title='bbox 1171 1847 1215 1883; x_wconf 92' lang='lat' dir='ltr'>et</span> <span class='ocrx_word' id='word_1_159' title='bbox 1265 1844 1370 1884; x_wconf 89' lang='lat' dir='ltr'>veni</span> <span class='ocrx_word' id='word_1_160' title='bbox 1413 1845 1469 1885; x_wconf 89' lang='lat' dir='ltr'>ad</span> <span class='ocrx_word' id='word_1_161' title='bbox 1513 1845 1763 1899; x_wconf 87' lang='lat' dir='ltr'>Christum,</span> 
     </span>
     <span class='ocr_line' id='line_1_25' title="bbox 486 1899 1762 1965; baseline 0.015 -28"><span class='ocrx_word' id='word_1_162' title='bbox 486 1899 709 1951; x_wconf 82' lang='lat' dir='ltr'>siquidem</span> <span class='ocrx_word' id='word_1_163' title='bbox 742 1903 941 1954; x_wconf 81' lang='lat' dir='ltr'>laboras,</span> <span class='ocrx_word' id='word_1_164' title='bbox 977 1912 1023 1947; x_wconf 88' lang='lat' dir='ltr'>et</span> <span class='ocrx_word' id='word_1_165' title='bbox 1053 1908 1274 1949; x_wconf 89' lang='lat' dir='ltr'>immenso</span> <span class='ocrx_word' id='word_1_166' title='bbox 1306 1911 1506 1963; x_wconf 88' lang='lat' dir='ltr'>pondere</span> <span class='ocrx_word' id='word_1_167' title='bbox 1540 1915 1762 1965; x_wconf 88' lang='lat' dir='ltr'>curvaris,</span> 
     </span>
     <span class='ocr_line' id='line_1_26' title="bbox 485 1967 1822 2030; baseline 0.014 -26"><span class='ocrx_word' id='word_1_168' title='bbox 485 1971 531 2005; x_wconf 85' lang='lat' dir='ltr'>et</span> <span class='ocrx_word' id='word_1_169' title='bbox 571 1967 668 2018; x_wconf 84' lang='lat' dir='ltr'>ipse</span> <span class='ocrx_word' id='word_1_170' title='bbox 701 1973 761 2018; x_wconf 88' lang='lat' dir='ltr'>te,</span> <span class='ocrx_word' id='word_1_171' title='bbox 797 1975 845 2010; x_wconf 88' lang='lat' dir='ltr'>ut</span> <span class='ocrx_word' id='word_1_172' title='bbox 876 1971 1009 2021; x_wconf 84' lang='lat' dir='ltr'>dixit,</span> <span class='ocrx_word' id='word_1_173' title='bbox 1041 1975 1326 2026; x_wconf 89' lang='lat' dir='ltr'>requiescere</span> <span class='ocrx_word' id='word_1_174' title='bbox 1362 1977 1524 2030; x_wconf 85' lang='lat' dir='ltr'>faciet3</span> <span class='ocrx_word' id='word_1_175' title='bbox 1566 1981 1673 2021; x_wconf 88' lang='lat' dir='ltr'>veni</span> <span class='ocrx_word' id='word_1_176' title='bbox 1704 1981 1761 2022; x_wconf 85' lang='lat' dir='ltr'>ad</span> <span class='ocrx_word' id='word_1_177' title='bbox 1781 1988 1822 2017; x_wconf 83' lang='lat'>25</span> 
     </span>
     <span class='ocr_line' id='line_1_27' title="bbox 487 2030 1762 2095; baseline 0.015 -26"><span class='ocrx_word' id='word_1_178' title='bbox 487 2030 620 2081; x_wconf 89' lang='lat' dir='ltr'>Eum,</span> <span class='ocrx_word' id='word_1_179' title='bbox 661 2034 739 2084; x_wconf 86' lang='lat' dir='ltr'>qui</span> <span class='ocrx_word' id='word_1_180' title='bbox 778 2048 868 2075; x_wconf 91' lang='lat' dir='ltr'>non</span> <span class='ocrx_word' id='word_1_181' title='bbox 910 2038 1010 2078; x_wconf 82' lang='lat' dir='ltr'>vult</span> <span class='ocrx_word' id='word_1_182' title='bbox 1050 2042 1305 2092; x_wconf 88' lang='lat' dir='ltr'>peccatoris</span> <span class='ocrx_word' id='word_1_183' title='bbox 1343 2049 1551 2095; x_wconf 87' lang='lat' dir='ltr'>mortem,</span> <span class='ocrx_word' id='word_1_184' title='bbox 1591 2047 1671 2087; x_wconf 90' lang='lat' dir='ltr'>sed</span> <span class='ocrx_word' id='word_1_185' title='bbox 1710 2053 1762 2089; x_wconf 88' lang='lat' dir='ltr'>ut</span> 
     </span>
     <span class='ocr_line' id='line_1_28' title="bbox 483 2104 1760 2158; baseline 0.014 -22"><span class='ocrx_word' id='word_1_186' title='bbox 483 2104 780 2140; x_wconf 80' lang='lat' dir='ltr'>convertatur</span> <span class='ocrx_word' id='word_1_187' title='bbox 820 2107 863 2142; x_wconf 84' lang='lat' dir='ltr'>et</span> <span class='ocrx_word' id='word_1_188' title='bbox 903 2104 1057 2156; x_wconf 47' lang='lat' dir='ltr'>vivat,</span> <span class='ocrx_word' id='word_1_189' title='bbox 1099 2107 1313 2158; x_wconf 80' lang='lat' dir='ltr'>dissolve,</span> <span class='ocrx_word' id='word_1_190' title='bbox 1354 2111 1604 2152; x_wconf 90' lang='lat' dir='ltr'>secundum</span> <span class='ocrx_word' id='word_1_191' title='bbox 1645 2112 1760 2155; x_wconf 88' lang='lat' dir='ltr'>Pro-</span> 
     </span>
     <span class='ocr_line' id='line_1_29' title="bbox 484 2163 1759 2232; baseline 0.016 -31"><span class='ocrx_word' id='word_1_192' title='bbox 484 2163 683 2214; x_wconf 82' lang='lat' dir='ltr'>phetam,</span> <span class='ocrx_word' id='word_1_193' title='bbox 716 2167 902 2208; x_wconf 76' lang='lat' dir='ltr'>vincula</span> <span class='ocrx_word' id='word_1_194' title='bbox 933 2171 1037 2211; x_wconf 89' lang='lat' dir='ltr'>colli</span> <span class='ocrx_word' id='word_1_195' title='bbox 1073 2174 1154 2221; x_wconf 90' lang='lat' dir='ltr'>tui,</span> <span class='ocrx_word' id='word_1_196' title='bbox 1191 2174 1255 2214; x_wconf 89' lang='lat' dir='ltr'>fili</span> <span class='ocrx_word' id='word_1_197' title='bbox 1287 2174 1439 2228; x_wconf 88' lang='lat' dir='ltr'>Syon;</span> <span class='ocrx_word' id='word_1_198' title='bbox 1481 2178 1593 2228; x_wconf 86' lang='lat' dir='ltr'>redi,</span> <span class='ocrx_word' id='word_1_199' title='bbox 1630 2193 1759 2232; x_wconf 82' lang='lat' dir='ltr'>rogo,</span> 
     </span>
     <span class='ocr_line' id='line_1_30' title="bbox 481 2230 1758 2299; baseline 0.016 -32"><span class='ocrx_word' id='word_1_200' title='bbox 481 2243 505 2267; x_wconf 78' lang='lat' dir='ltr'>e</span> <span class='ocrx_word' id='word_1_201' title='bbox 538 2230 802 2284; x_wconf 70' lang='lat' dir='ltr'>longinquis</span> <span class='ocrx_word' id='word_1_202' title='bbox 840 2235 947 2276; x_wconf 85' lang='lat' dir='ltr'>licet</span> <span class='ocrx_word' id='word_1_203' title='bbox 978 2245 1268 2289; x_wconf 76' lang='lat' dir='ltr'>pcccatorum</span> <span class='ocrx_word' id='word_1_204' title='bbox 1304 2244 1557 2284; x_wconf 85' lang='lat' dir='ltr'>recessibus</span> <span class='ocrx_word' id='word_1_205' title='bbox 1598 2246 1655 2286; x_wconf 88' lang='lat' dir='ltr'>ad</span> <span class='ocrx_word' id='word_1_206' title='bbox 1690 2247 1758 2299; x_wconf 91' lang='lat' dir='ltr'>pi-</span> 
     </span>
     <span class='ocr_line' id='line_1_31' title="bbox 482 2295 1820 2362; baseline 0.016 -29"><span class='ocrx_word' id='word_1_207' title='bbox 482 2295 686 2337; x_wconf 57' lang='lat' dir='ltr'>iss-imum</span> <span class='ocrx_word' id='word_1_208' title='bbox 726 2306 921 2351; x_wconf 83' lang='lat' dir='ltr'>patrem,</span> <span class='ocrx_word' id='word_1_209' title='bbox 963 2305 1040 2355; x_wconf 86' lang='lat' dir='ltr'>qui</span> <span class='ocrx_word' id='word_1_210' title='bbox 1079 2306 1349 2359; x_wconf 74' lang='lat' dir='ltr'>despicienti</span> <span class='ocrx_word' id='word_1_211' title='bbox 1387 2323 1627 2362; x_wconf 85' lang='lat' dir='ltr'>porcorum</span> <span class='ocrx_word' id='word_1_212' title='bbox 1659 2325 1757 2353; x_wconf 88' lang='lat' dir='ltr'>sor·</span> <span class='ocrx_word' id='word_1_213' title='bbox 1778 2326 1820 2353; x_wconf 76' lang='lat'>30</span> 
     </span>
     <span class='ocr_line' id='line_1_32' title="bbox 479 2362 1756 2422; baseline 0.016 -22"><span class='ocrx_word' id='word_1_214' title='bbox 479 2362 608 2403; x_wconf 79' lang='lat' dir='ltr'>(lidos</span> <span class='ocrx_word' id='word_1_215' title='bbox 650 2365 775 2405; x_wconf 78' lang='lat' dir='ltr'>cibos</span> <span class='ocrx_word' id='word_1_216' title='bbox 817 2381 869 2408; x_wconf 87' lang='lat' dir='ltr'>ac</span> <span class='ocrx_word' id='word_1_217' title='bbox 917 2371 1259 2422; x_wconf 83' lang='lat' dir='ltr'>pertimescenti</span> <span class='ocrx_word' id='word_1_218' title='bbox 1298 2375 1409 2416; x_wconf 82' lang='lat' dir='ltr'>dirae</span> <span class='ocrx_word' id='word_1_219' title='bbox 1454 2376 1588 2418; x_wconf 90' lang='lat' dir='ltr'>famis</span> <span class='ocrx_word' id='word_1_220' title='bbox 1637 2392 1756 2420; x_wconf 92' lang='lat' dir='ltr'>mor-</span> 
     </span>
    </p>
   </div>
   <div class='ocr_carea' id='block_1_3' title="bbox 524 2451 1086 2464">
    <p class='ocr_par' dir='ltr' id='par_1_3' title="bbox 524 2451 1086 2464">
     <span class='ocr_line' id='line_1_33' title="bbox 524 2451 1086 2464; baseline 0 0"><span class='ocrx_word' id='word_1_221' title='bbox 524 2451 1086 2464; x_wconf 95' lang='lat' dir='ltr'> </span> 
     </span>
    </p>
   </div>
   <div class='ocr_carea' id='block_1_4' title="bbox 476 2489 1757 2805">
    <p class='ocr_par' dir='ltr' id='par_1_4' title="bbox 476 2489 1757 2805">
     <span class='ocr_line' id='line_1_34' title="bbox 528 2489 1757 2547; baseline 0.016 -28"><span class='ocrx_word' id='word_1_222' title='bbox 528 2489 533 2505; x_wconf 93' lang='lat'><em>¹</em></span> <span class='ocrx_word' id='word_1_223' title='bbox 562 2490 803 2534; x_wconf 50' lang='grc' dir='ltr'>,ι1ΐ1ἰιιμίἰ·(’)ιί.]</span> <span class='ocrx_word' id='word_1_224' title='bbox 829 2496 1015 2536; x_wconf 67' lang='lat' dir='ltr'>Texermss,</span> <span class='ocrx_word' id='word_1_225' title='bbox 1039 2499 1076 2529; x_wconf 70' lang='grc' dir='ltr'>Γ.</span> <span class='ocrx_word' id='word_1_226' title='bbox 1190 2499 1214 2519; x_wconf 84' lang='lat'>¹³</span> <span class='ocrx_word' id='word_1_227' title='bbox 1238 2503 1420 2534; x_wconf 69' lang='lat' dir='ltr'>Parricidii</span> <span class='ocrx_word' id='word_1_228' title='bbox 1444 2505 1670 2547; x_wconf 75' lang='lat' dir='ltr'>sacrilegiique</span> <span class='ocrx_word' id='word_1_229' title='bbox 1694 2509 1757 2539; x_wconf 77' lang='lat' dir='ltr'>cri-</span> 
     </span>
     <span class='ocr_line' id='line_1_35' title="bbox 523 2534 1756 2588; baseline 0.016 -23"><span class='ocrx_word' id='word_1_230' title='bbox 523 2534 535 2551; x_wconf 75' lang='grc'>”’</span> <span class='ocrx_word' id='word_1_231' title='bbox 564 2537 778 2580; x_wconf 71' lang='lat' dir='ltr'>[)i‹·enlieme.]</span> <span class='ocrx_word' id='word_1_232' title='bbox 799 2541 924 2573; x_wconf 72' lang='lat' dir='ltr'>Matth.</span> <span class='ocrx_word' id='word_1_233' title='bbox 958 2545 1027 2576; x_wconf 80' lang='lat' dir='ltr'>xix.</span> <span class='ocrx_word' id='word_1_234' title='bbox 1061 2549 1102 2584; x_wconf 76' lang='lat'>63</span> <span class='ocrx_word' id='word_1_235' title='bbox 1141 2549 1239 2588; x_wconf 65' lang='lat' dir='ltr'>mem]</span> <span class='ocrx_word' id='word_1_236' title='bbox 1264 2549 1428 2580; x_wconf 80' lang='lat' dir='ltr'>Seethese</span> <span class='ocrx_word' id='word_1_237' title='bbox 1439 2553 1756 2587; x_wconf 75' lang='lat' dir='ltr'>terlnscommented</span> 
     </span>
     <span class='ocr_line' id='line_1_36' title="bbox 479 2582 1753 2639; baseline 0.017 -29"><span class='ocrx_word' id='word_1_238' title='bbox 479 2582 685 2620; x_wconf 70' lang='lat' dir='ltr'>l·21›b.v.2.&#39;›.</span> <span class='ocrx_word' id='word_1_239' title='bbox 1143 2605 1229 2632; x_wconf 82' lang='lat' dir='ltr'>upon</span> <span class='ocrx_word' id='word_1_240' title='bbox 1262 2595 1305 2634; x_wconf 89' lang='lat' dir='ltr'>by</span> <span class='ocrx_word' id='word_1_241' title='bbox 1331 2596 1443 2635; x_wconf 66' lang='lat' dir='ltr'>Cau-te,</span> <span class='ocrx_word' id='word_1_242' title='bbox 1476 2597 1566 2629; x_wconf 81' lang='lat' dir='ltr'>Hist.</span> <span class='ocrx_word' id='word_1_243' title='bbox 1599 2599 1698 2639; x_wconf 78' lang='lat' dir='ltr'>Engl.</span> <span class='ocrx_word' id='word_1_244' title='bbox 1732 2603 1753 2633; x_wconf 92' lang='lat' dir='ltr'>i.</span> 
     </span>
     <span class='ocr_line' id='line_1_37' title="bbox 524 2626 1212 2677; baseline 0.019 -20"><span class='ocrx_word' id='word_1_245' title='bbox 524 2626 535 2647; x_wconf 83' lang='lat'><em>7</em></span> <span class='ocrx_word' id='word_1_246' title='bbox 560 2629 838 2673; x_wconf 41' lang='lat' dir='ltr'>lunaribus-imma]</span> <span class='ocrx_word' id='word_1_247' title='bbox 868 2635 1103 2677; x_wconf 73' lang='lat' dir='ltr'>Anmrissima,</span> <span class='ocrx_word' id='word_1_248' title='bbox 1138 2643 1212 2671; x_wconf 76' lang='lat'>216.</span> 
     </span>
     <span class='ocr_line' id='line_1_38' title="bbox 482 2674 1666 2730; baseline 0.018 -27"><span class='ocrx_word' id='word_1_249' title='bbox 482 2674 533 2709; x_wconf 59' lang='lat'>12,</span> <span class='ocrx_word' id='word_1_250' title='bbox 552 2675 673 2715; x_wconf 47' lang='grc' dir='ltr'>ΙΤμἸιυι·7</span> <span class='ocrx_word' id='word_1_251' title='bbox 693 2678 858 2711; x_wconf 64' lang='lat' dir='ltr'>Primum.</span> <span class='ocrx_word' id='word_1_252' title='bbox 880 2692 911 2720; x_wconf 80' lang='lat' dir='ltr'>p.</span> <span class='ocrx_word' id='word_1_253' title='bbox 930 2686 1004 2714; x_wconf 61' lang='lat'>538.</span> <span class='ocrx_word' id='word_1_254' title='bbox 1188 2685 1212 2705; x_wconf 61' lang='grc' dir='ltr'>’Β</span> <span class='ocrx_word' id='word_1_255' title='bbox 1238 2687 1354 2726; x_wconf 61' lang='lat' dir='ltr'>Quid]</span> <span class='ocrx_word' id='word_1_256' title='bbox 1380 2689 1486 2728; x_wconf 77' lang='lat' dir='ltr'>Quid,</span> <span class='ocrx_word' id='word_1_257' title='bbox 1503 2699 1605 2730; x_wconf 55' lang='lat' dir='ltr'>sawt»,</span> <span class='ocrx_word' id='word_1_258' title='bbox 1630 2693 1666 2724; x_wconf 90' lang='lat' dir='ltr'>V.</span> 
     </span>
     <span class='ocr_line' id='line_1_39' title="bbox 521 2718 1688 2775; baseline 0.019 -26"><span class='ocrx_word' id='word_1_259' title='bbox 521 2718 533 2736; x_wconf 96' lang='lat'><strong>⁷</strong></span> <span class='ocrx_word' id='word_1_260' title='bbox 567 2722 665 2763; x_wconf 55' lang='lat' dir='ltr'>Vitam]</span> <span class='ocrx_word' id='word_1_261' title='bbox 695 2725 776 2756; x_wconf 65' lang='lat'>(³⁵11.</span> <span class='ocrx_word' id='word_1_262' title='bbox 808 2727 972 2760; x_wconf 74' lang='lat' dir='ltr'>l&#39;rimord.</span> <span class='ocrx_word' id='word_1_263' title='bbox 1001 2730 1101 2767; x_wconf 70' lang='lat' dir='ltr'>il›i‹l.;</span> <span class='ocrx_word' id='word_1_264' title='bbox 1183 2730 1209 2753; x_wconf 69' lang='lat'>²7</span> <span class='ocrx_word' id='word_1_265' title='bbox 1233 2733 1455 2775; x_wconf 71' lang='lat' dir='ltr'>Pmphetam.]</span> <span class='ocrx_word' id='word_1_266' title='bbox 1484 2736 1575 2768; x_wconf 80' lang='lat' dir='ltr'>Esai.</span> <span class='ocrx_word' id='word_1_267' title='bbox 1592 2739 1640 2770; x_wconf 86' lang='lat' dir='ltr'>lii.</span> <span class='ocrx_word' id='word_1_268' title='bbox 1657 2744 1688 2771; x_wconf 79' lang='lat'>2.</span> 
     </span>
     <span class='ocr_line' id='line_1_40' title="bbox 476 2767 666 2805; baseline 0.032 -11"><span class='ocrx_word' id='word_1_269' title='bbox 476 2767 563 2805; x_wconf 52' lang='grc' dir='ltr'>Μὴν,</span> <span class='ocrx_word' id='word_1_270' title='bbox 585 2769 666 2800; x_wconf 68' lang='lat' dir='ltr'>lida.</span> 
     </span>
    </p>
   </div>
  </div>
 </body>
</html>
