1907 3214
498 239 556 281 46
915 251 1141 281 EPISTOLA
1174 252 1345 281 GILDAE.

499 355 634 406 diem,
666 356 818 396 subito
850 355 970 396 enim
992 355 1118 396 venit
1149 356 1218 395 ira
1250 355 1364 408 ejus,
1385 356 1509 408 quia,
1532 362 1584 397 ut
1616 356 1769 411 Scrip-

498 427 605 463 tura
626 423 706 472 ait,
729 423 860 474 Rege
897 422 1111 462 audiente
1128 423 1317 462 verbum
1350 422 1573 475 iniquum,
1594 437 1769 474 omnes,

498 489 575 542 qui
607 490 691 529 sub
718 489 798 529 illo
832 494 956 537 sunt,
997 488 1179 529 scelesti
1219 494 1343 529 sunt.
1416 488 1647 530 Nimirum
1671 504 1769 541 rex,

498 560 547 595 ut
573 555 809 609 Propheta
828 556 908 605 ait,
929 555 1086 609 justus
1108 555 1302 596 suscitat
1326 555 1591 607 1·egionem.'

567 622 679 675 §361
703 626 715 643 ‘
737 622 827 663 Sed
861 623 1036 663 monita
1076 622 1159 662 tibi
1198 622 1405 676 profecto
1449 636 1541 663 non
1587 623 1769 673 desunt,
1811 639 1830 665 5

496 700 599 728 cum
615 689 830 729 habueris
851 694 1197 741 praeceptorem,
1217 702 1333 742 pene
1351 689 1493 729 totius
1512 689 1768 731 Britanniae

495 756 767 808 magistrum
807 756 1079 808 elegantem.
1153 755 1346 805 Caveto,
1376 756 1534 808 igitur,
1574 770 1631 797 ne
1670 757 1769 807 tibi,

495 822 618 873 quod
640 835 668 862 a
690 822 934 862 Salomone
956 827 1159 872 notatur,
1182 822 1376 872 accidat,
1410 821 1556 872 Quasi
1588 823 1666 876 qui
1687 837 1768 864 ex—

494 888 607 928 citat
638 888 937 929 dormientem
959 889 1014 928 de
1035 889 1167 941 gravi
1187 901 1364 938 somno,
1386 889 1451 929 sic
1473 889 1552 941 qui
1583 896 1770 931 enarrat

493 954 637 995 stulto
668 955 959 1008 sapientiam,
980 955 1027 995 in
1059 955 1148 995 fine
1182 955 1303 995 enim
1334 955 1611 996 narrationis
1632 956 1768 1007 dicet,
1788 972 1828 1000 10

495 1019 619 1070 Quid
656 1022 853 1074 primum
888 1022 1111 1062 dixeras?
1184 1021 1315 1062 Lava
1355 1034 1383 1061 a
1421 1022 1599 1063 malitia
1636 1027 1768 1064 tuum

492 1100 586 1137 cor,
619 1088 737 1128 sicut
759 1088 931 1129 dictum
953 1094 1037 1137 est,
1071 1087 1382 1137 Hierusalem,
1415 1093 1467 1129 ut
1497 1089 1654 1130 salvus
1687 1091 1765 1131 sis.

494 1152 568 1194 Ne
598 1160 883 1205 contemnas,
907 1167 1081 1208 quaeso,
1107 1154 1383 1196 ineffabilem
1405 1155 1764 1197 misericordiam

492 1220 596 1270 Dei,
619 1221 705 1262 1100
737 1222 872 1262 1110(10
901 1235 982 1275 per
1010 1221 1292 1274 Prophetam
1314 1234 1342 1262 a
1367 1222 1570 1274 peccatis
1600 1222 1764 1276 impios

490 1289 768 1338 revocantis,
792 1288 1004 1341 Repente
1024 1289 1188 1340 loquar
1219 1289 1277 1328 ad
1309 1293 1493 1340 gentem
1513 1294 1559 1330 et
1579 1289 1637 1329 ad
1660 1303 1762 1343 reg·
1784 1304 1822 1332 15

490 1367 614 1404 1111111,
636 1360 687 1395 ut
709 1355 918 1404 evellam,
941 1360 986 1396 et
1007 1355 1240 1407 dissipem,
1263 1360 1309 1396 et
1331 1355 1580 1405 destruam,
1603 1361 1649 1397 et
1670 1356 1762 1397 dis-

487 1421 690 1474 perdam.
765 1421 1063 1463 Peccatorem
1091 1421 1176 1462 hoc
1198 1421 1492 1463 vehementer
1523 1422 1581 1463 ad
1612 1424 1762 1476 poeni-

488 1489 680 1529 tentiam
709 1488 936 1539 hortatur,
960 1489 1021 1530 Et
1043 1489 1081 1529 si
1112 1489 1435 1542 poenitentiam
1468 1489 1614 1542 egerit
1648 1503 1762 1542 gens

486 1554 567 1594 illa
605 1568 632 1595 a
674 1561 865 1608 peccato
907 1569 1006 1605 suo,
1044 1555 1367 1608 poenitentiam
1410 1560 1456 1596 et
1498 1569 1584 1608 ego
1625 1569 1762 1609 agam

485 1634 624 1674 super
643 1623 781 1671 malo,
802 1623 923 1675 quod
945 1623 1125 1663 locutus
1147 1635 1264 1671 sum,
1286 1627 1339 1663 ut
1358 1622 1555 1663 facerem
1576 1623 1631 1664 ei.
1700 1623 1762 1665 Et
1778 1635 1822 1664 20

484 1687 665 1738 iterum,
690 1688 806 1739 Quis
828 1689 955 1730 dabit
978 1689 1042 1729 eis
1065 1689 1156 1730 tale
1177 1702 1270 1738 cor,
1302 1694 1354 1730 ut
1385 1689 1577 1730 audiant
1609 1703 1681 1730 me
1713 1696 1761 1732 et

484 1755 748 1797 custodiant
768 1761 1002 1809 praecepta
1029 1769 1145 1805 mea,
1167 1761 1212 1796 et
1231 1756 1347 1796 bene
1378 1756 1438 1796 sit
1461 1756 1525 1796 eis
1548 1757 1760 1797 omnibus

482 1821 643 1862 diebus
666 1823 774 1864 vitae
796 1825 924 1864 suae?
988 1823 1108 1863 Item
1130 1823 1178 1863 in
1195 1823 1375 1863 cantico
1392 1822 1758 1873 Deuteronomii,

483 1887 708 1942 Populus,
749 1890 915 1942 inquit,
958 1891 1131 1942 absque
1177 1889 1371 1930 concilio
1412 1894 1458 1930 et
1496 1889 1756 1942 prudentia,

481 1955 658 1995 utinam
703 1962 919 2009 saperent
960 1961 1006 1996 et
1040 1955 1367 2007 intelligerent,
1409 1968 1462 1996 ac
1507 1957 1758 1997 novissima
1775 1967 1816 1995 25

480 2022 791 2073 providerent,
813 2022 1041 2074 quomodo
1064 2027 1369 2074 persequatur
1396 2034 1515 2061 unus
1548 2023 1688 2072 mille,
1711 2029 1757 2064 et

480 2087 571 2127 duo
591 2087 767 2140 fugient
790 2089 945 2129 decem
969 2088 1126 2129 millia.
1167 2088 1229 2128 Et
1249 2088 1413 2129 iterum
1434 2088 1482 2128 in
1500 2088 1756 2142 Evangelio

482 2153 725 2204 Dominus,
748 2155 918 2196 Venite
950 2155 1007 2195 ad
1044 2169 1115 2196 1110
1149 2168 1323 2206 omnes,
1347 2155 1425 2208 qui
1457 2155 1678 2196 laboratis
1710 2161 1757 2198 et

481 2222 661 2262 onerati
685 2223 812 2271 estis,
835 2228 881 2263 et
902 2236 987 2275 ego
1011 2235 1093 2263 vos
1122 2222 1408 2274 requiescere
1440 2221 1632 2274 faeiam3
1665 2223 1753 2264 tol-

526 2432 533 2451 ¹
554 2434 738 2474 Scriptura.
777 2436 877 2466 Prov.
896 2437 991 2466 xxix.
1015 2439 1065 2467 12.
1116 2445 1118 2476 J
1181 2435 1192 2452 ‘³
1212 2432 1409 2480 Salmone]
1437 2436 1530 2467 Eccl.
1550 2436 1632 2468 xxii.
1649 2439 1681 2468 8.

525 2482 537 2498 “¹
557 2482 730 2520 Propheta.
780 2482 879 2512 l'rov.
899 2483 992 2513 xxix.
1011 2486 1042 2513 Δ1.
1116 2478 1117 2482 ’
1183 2479 1207 2500 ¹²
1224 2479 1388 2525 Dictum]
1414 2483 1486 2513 Jer.
1504 2483 1548 2513 iv.
1566 2486 1618 2514 1⁴.

525 2525 537 2543 ⁶
556 2528 820 2568 Pr‹1¹ceptm·em.]
853 2528 1046 2566 According
1063 2532 1095 2559 to
1180 2526 1204 2547 ¹4
1222 2529 1444 2569 Propltetnm]
1461 2529 1532 2559 Jer.
1551 2529 1645 2559 xviii.
1663 2531 1694 2560 7.

478 2574 599 2609 rsher,
611 2575 775 2605 l'riinord.
787 2585 843 2614 pp.
855 2578 931 2613 531,
943 2576 1094 2614 5-17,1his
1113 2584 1114 2599 1
1180 2573 1202 2594 ’Β
1222 2575 1411 2614 Hor-tatum]
1428 2575 1499 2605 Jer.
1518 2575 1612 2606 xviii.
1630 2578 1664 2606 8.

478 2625 651 2659 preceptor
676 2631 748 2651 was
779 2622 826 2652 St.
854 2622 991 2659 Iltutus,
1017 2622 1112 2665 who¹
1176 2619 1200 2639 ²¹
1223 2621 1373 2661 Iterum]
1400 2621 1504 2651 Dent.
1522 2632 1554 2651 v.
1572 2624 1626 2651 29.

476 2677 547 2697 was
565 2668 735 2706 generally
754 2668 876 2698 known
895 2668 937 2706 by
954 2669 1009 2698 the
1036 2669 1092 2699 de·
1110 2675 1112 2693 s
1175 2665 1201 2686 ‘²³
1218 2667 1489 2707 Deuteronomii,]
1516 2667 1619 2698 Deut.
1636 2669 1745 2701 xxxii.

475 2714 641 2751 signation
665 2714 702 2744 os
723 2716 899 2755 ‘egregius
917 2715 1091 2746 Britanno·
1126 2717 1179 2745 28.

475 2769 547 2789 rum
566 2761 751 2799 magister!
1107 2765 1109 2785 1
1172 2758 1198 2781 ‘27
1215 2760 1366 2801 Iterum]
1392 2759 1514 2791 Matth.
1532 2761 1578 2792 xi.
1597 2763 1650 2793 28.
