1891 3214
550 265 772 294 fflus'rom
809 264 979 293 cubi-E.
1345 256 1400 295 ‹57

129 372 184 413 de
219 372 317 413 vita
353 385 438 413 sua
476 385 578 413 cum
619 372 839 413 infirmari
876 371 1082 424 coeperit,
1126 382 1215 410 non
1249 376 1401 422 speret

129 439 389 489 sanitatem,
412 439 492 479 sed
512 439 644 480 cadet
663 440 710 480 in
728 439 1010 491 languorem.
1083 436 1259 477 Multos
1281 437 1400 476 enim

128 506 249 546 laesit
273 506 487 563 superbia
517 506 632 560 ejus,
671 512 715 547 et
746 505 973 545 marcidus
1001 504 1150 545 factus
1182 509 1251 544 est
1282 503 1400 544 sicut

129 572 283 613 malva
312 574 359 613 in
391 578 524 622 aestu,
556 573 682 613 velut
714 573 840 625 spica
875 585 977 612 cum
1020 571 1075 611 de
1111 570 1282 623 stipula
1316 582 1400 610 sua

92 646 110 674 5
129 639 309 680 decidit.
357 639 418 680 Et
438 639 571 680 infra.
626 638 761 689 Quod
785 639 823 678 si
843 638 975 679 multi
994 637 1161 677 suerint
1183 637 1262 676 filii
1283 636 1398 689 ejus,

127 706 175 746 in
191 706 464 747 occisionem
477 710 625 746 erunt.
698 704 834 755 Quod
857 710 902 745 et
922 705 960 744 si
980 703 1214 756 collegerit
1236 708 1286 742 ut
1307 708 1397 742 ter-

128 785 225 812 ram
246 778 502 826 argentum,
534 778 580 813 et
599 771 807 812 similiter
827 776 878 811 ut
902 771 1048 811 lutum
1070 769 1399 823 praeparaverit

129 852 307 889 aurum,
328 839 426 880 haec
449 840 602 880 omnia
615 839 732 893 justi
753 843 1105 890 consequentur.

199 905 312 960 §6st
346 905 470 956 Quid
506 911 731 959 praeterea
766 906 926 945 beatus
970 904 1141 944 Esdras
1174 901 1399 955 propheta
1416 909 1549 966 frffiages

71 979 112 1009 1⁰
129 972 205 1014 ille
244 972 520 1013 bibliotheca
559 972 674 1025 legis
710 972 910 1012 minatus
945 971 1004 1011 sit
1039 968 1276 1018 attendite,
1313 969 1398 1009 hoc
1416 976 1528 1000 Esdras-

131 1039 265 1080 modo
305 1039 580 1092 disceptanS.
654 1038 771 1078 Haec
815 1038 925 1078 dicit
977 1037 1204 1077 Dominus
1254 1048 1397 1076 meus.

133 1105 243 1147 Non
282 1111 440 1159 parcet
484 1105 674 1146 dextera
715 1117 816 1145 mea
856 1117 994 1156 super
1028 1107 1286 1156 peccanteS,
1319 1114 1401 1142 nec

131 1173 329 1213 cessabit
367 1172 600 1225 romphaea
639 1184 775 1224 super
815 1170 1097 1211 effundentes
1131 1169 1401 1221 sanguinem

130 1239 378 1280 innocuum
427 1252 564 1292 super
614 1244 796 1279 terrani.
869 1236 1029 1277 Exibit
1074 1236 1193 1288 ignis
1240 1236 1296 1275 ab
1335 1235 1403 1275 ira

75 1315 113 1344 15
132 1318 250 1355 mea,
284 1311 330 1346 et
370 1305 609 1346 devorabit
648 1304 947 1345 fundamenta
986 1308 1119 1343 terrae
1156 1307 1201 1342 et
1242 1314 1402 1354 pccca-

133 1378 256 1414 tores
288 1373 420 1426 quasi
451 1378 651 1413 stramen
673 1372 922 1411 incensum.
996 1368 1082 1409 Vae
1105 1369 1168 1409 eis
1192 1368 1269 1420 qui
1298 1380 1402 1420 pec-

133 1444 258 1489 cant,
289 1446 334 1481 et
368 1453 459 1480 non
490 1440 737 1479 observant
767 1436 986 1477 mandata
1016 1448 1131 1484 mea,
1164 1434 1274 1475 dicit
1306 1434 1402 1475 Do-

133 1507 301 1556 minus,
339 1519 431 1547 non
466 1518 651 1558 parcam
693 1504 798 1544 illis,
871 1502 1106 1543 Discedite
1147 1501 1227 1541 filii
1269 1514 1403 1553 apos-

135 1578 263 1622 tatae,
324 1578 369 1614 et
422 1572 564 1613 nolite
624 1570 936 1613 contaminare
996 1568 1405 1609 sanctificationem

74 1653 298 1683 wmeam.
371 1639 516 1680 Novit
550 1639 677 1679 Deus
711 1638 788 1690 qui
819 1641 1011 1689 peccant
1040 1636 1087 1676 in
1119 1647 1236 1682 eum,
1269 1647 1405 1686 prop-

136 1712 263 1748 terea
300 1706 451 1748 tradet
489 1718 566 1745 eos
608 1705 655 1745 in
695 1709 901 1751 mortem,
946 1710 991 1742 et
1029 1703 1076 1742 in
1117 1701 1403 1741 occisionem.

136 1773 245 1815 Jam
276 1774 397 1814 enim
430 1777 655 1813 venerunt
686 1784 822 1824 super
849 1769 1003 1809 orbem
1031 1774 1254 1808 terrarum
1286 1766 1406 1806 mala

137 1841 296 1882 multa.
370 1839 608 1880 Immissus
659 1843 728 1878 est
778 1835 958 1888 gladius
999 1834 1126 1874 vobis
1175 1833 1310 1885 ignis,
1361 1838 1405 1873 et

139 1908 241 1960 quis
275 1907 443 1960 estqui
474 1905 663 1946 recutiet
696 1904 783 1944 ca?
857 1901 1078 1953 Numquid
1102 1900 1289 1940 recutiet
1323 1898 1404 1938 ali-

78 1986 120 2016 25
140 1975 242 2027 quis
280 1974 457 2015 leonem
498 1972 768 2013 esurientem
808 1968 853 2008 in
895 1968 1042 2008 silva?
1087 1972 1167 2007 aut
1202 1965 1405 2018 nunquid

140 2041 382 2094 extinguet
412 2041 563 2092 ignem
595 2051 696 2078 cum
733 2043 932 2077 stramen
968 2034 1203 2075 incensum
1235 2032 1404 2072 fucrit?

141 2107 368 2149 Dominus
395 2107 522 2147 Deus
558 2104 710 2145 mittet
739 2102 875 2149 mala,
912 2106 955 2141 et
988 2101 1087 2153 quis
1128 2106 1195 2140 est
1228 2099 1305 2152 qui
1339 2112 1406 2139 re-

141 2175 283 2215 cutiet
323 2174 408 2214 ea?
460 2179 504 2212 et
542 2171 685 2212 exibit
736 2169 854 2222 ignis
906 2180 963 2207 cx
1014 2166 1248 2207 iracundia
1292 2166 1406 2219 ejus,

142 2246 188 2282 et
210 2239 314 2293 quis
335 2238 577 2291 extinguet
608 2250 709 2278 eum
730 2238 744 2276 ἲ
817 2234 1103 2282 Coruscabit‚
1129 2238 1173 2273 ct
1194 2232 1295 2284 quis
1318 2244 1409 2271 non

83 2323 125 2352 30
144 2306 354 2348 timebit?
398 2305 592 2353 tonabit,
633 2309 677 2344 et
713 2302 814 2356 quis
851 2314 942 2341 non
979 2299 1209 2340 horrebit?
1283 2298 1410 2338 Deus

144 2379 313 2414 cuncta
352 2372 615 2419 minabitur,
653 2376 697 2411 et
736 2368 837 2423 quis
882 2380 972 2407 non
1016 2365 1295 2407 terrebitur?
1369 2362 1411 2404 A

146 2440 261 2480 facie
281 2439 379 2493 ejus
403 2444 566 2480 tremet
587 2443 724 2486 terra,
753 2442 798 2477 et
821 2434 1116 2474 fundamenta
1143 2431 1279 2472 maris
1302 2430 1411 2470 ssuc-

147 2511 338 2548 tuantur
357 2506 413 2547 de
433 2504 672 2559 profundo.

218 2573 331 2627 §GL
366 2571 574 2613 Ezechiel
597 2567 1027 2624 quoque‘propheta
1046 2566 1272 2619 egregius,
1302 2576 1413 2617 qua·
1435 2566 1567 2623 {33³3OE

87 2653 127 2683 35
149 2644 344 2693 tuorque
378 2638 746 2692 evangelicorum
782 2634 1045 2675 animalium
1081 2631 1311 2672 mirandus
1348 2631 1415 2669 in-
1438 2631 1558 2657 meme-1.

151 2712 348 2760 spector,
399 2705 508 2759 quid
551 2704 606 2745 de
647 2702 880 2744 sceleratis
929 2700 1136 2748 edixerit,
1179 2696 1416 2746 attendite,

215 2827 228 2848 ⁹
254 2825 407 2872 Esdras]
427 2831 444 2860 4
465 2828 602 2867 Esclras,
620 2837 672 2857 xv.
691 2830 743 2864 22,
762 2828 815 2865 23,
832 2827 885 2862 21,
903 2827 956 2864 25,
973 2826 1056 2859 ‹fn-4
1081 2821 1147 2852 xvi.
1174 2823 1198 2855 ι,
1215 2823 1246 2859 5,
1263 2822 1295 2858 fi,
1313 2821 1371 2849 rec.

1117 2870 1134 2897 3
1164 2877 1177 2896 ι’
1204 2871 1222 2897 2
