1907 3214
488 244 516 281 (ἰ
769 253 1010 282 CAPlTULA
1047 253 1174 281 nimii
1210 251 1490 289 sEQtEN'rls.

489 356 800 409 respiraverit,
842 357 921 396 sed
957 362 1110 396 tamen
1144 355 1307 396 Ariani
1341 354 1557 407 contagio
1592 353 1761 394 infecta

489 422 719 463 defecerit.

559 489 726 529 CAPIT.
750 487 898 528 VIII.
941 487 1154 538 Qualiter
1187 501 1300 541 gens
1339 487 1583 528 Britonum
1617 487 1760 540 impe-

490 560 666 596 ratores
689 555 927 596 Romanos
949 553 1193 595 attriverit.

559 622 726 662 CAPIT.
754 621 851 662 IX.
886 620 1100 671 Qualiter
1121 620 1336 661 Britones
1357 619 1523 661 arctati
1544 633 1572 660 a
1592 618 1763 659 Scottis
1804 629 1822 655 5

492 693 537 728 et
559 688 704 729 Pictis
740 701 823 741 pro
858 687 1071 728 Romano
1105 687 1314 728 miserint
1345 686 1537 735 auxilio,
1568 690 1613 727 et
1645 685 1764 727 obti-

493 755 706 807 nuerint;
730 760 775 796 et
798 754 933 808 quale
957 754 1197 795 consilium
1221 753 1423 794 Romani
1455 753 1520 794 eis
1541 752 1763 801 dederint,

492 821 723 871 videlicet,
758 826 810 862 ut
845 821 965 861 inter
995 821 1086 861 duo
1124 820 1270 861 maria
1300 833 1480 860 murum
1511 833 1592 873 per
1621 819 1766 859 millia

493 901 713 941 passuum
754 887 952 941 plurima
993 892 1121 928 trans
1160 887 1358 927 insulam
1401 886 1698 935 instruerent,
1738 898 1766 926 a

494 954 610 994 mari
645 954 813 995 Scotiae
844 967 989 1007 usque
1017 954 1074 994 ad
1106 966 1231 994 mare
1256 952 1511 1003 Hiberniae,
1542 953 1588 993 id
1621 956 1706 1002 est,
1738 964 1827 993 alo

498 1020 616 1062 Kair
650 1021 779 1062 Eden
810 1020 999 1062 civitate
1031 1020 1367 1073 antiquissima,
1400 1019 1593 1060 duorum
1625 1018 1766 1060 ferme

495 1087 689 1128 millium
731 1087 882 1141 spatio
923 1100 951 1128 a
992 1087 1270 1128 monasterio
1304 1085 1609 1140 Abercurnig,
1644 1085 1765 1140 quod

496 1168 617 1195 nunc
650 1160 845 1195 vocatur
866 1153 1119 1204 Abercorn,
1156 1154 1213 1194 ad
1248 1153 1531 1195 occidentem
1557 1153 1766 1202 tendens,

497 1226 659 1262 contra
677 1221 975 1271 occidentem,
992 1222 1132 1276 juxta
1153 1221 1311 1261 urbem
1333 1219 1539 1261 Alcluth.
1610 1218 1677 1261 At
1698 1219 1767 1259 in-

497 1287 649 1328 sulani
676 1301 856 1327 murum
881 1301 973 1329 non
993 1294 1088 1329 tam
1109 1287 1338 1340 lapidibus
1362 1300 1499 1340 quam
1519 1286 1768 1340 cespitibus
1787 1297 1827 1326 15

497 1360 834 1404 construentes,
867 1355 923 1395 ad
957 1355 1150 1395 nihilum
1182 1354 1341 1395 utilem
1372 1359 1610 1405 statuunt;
1644 1353 1769 1407 quia,

497 1421 655 1461 statim
696 1421 921 1462 Romanis
955 1421 1330 1475 repatriantibus,
1366 1420 1531 1462 iterum
1563 1421 1620 1461 ab
1658 1419 1770 1474 ipsis

497 1487 757 1540 impugnati
778 1494 901 1529 sunt,

566 1553 734 1595 CAPIT.
758 1554 826 1595 X.
861 1554 1013 1605 Quam
1037 1555 1200 1595 misere
1230 1554 1373 1607 legati
1404 1554 1648 1596 Britonum
1672 1553 1768 1595 Ro-

496 1633 617 1661 mam
646 1621 811 1661 iterum
833 1621 1095 1671 mittuntur,
1116 1621 1270 1661 scissis
1291 1622 1512 1671 vestibus,
1534 1621 1668 1662 nudis
1690 1634 1767 1674 pe·
1787 1627 1830 1656 20

496 1686 645 1736 dibus,
679 1688 850 1740 opertis
886 1688 1074 1728 sablone
1105 1688 1350 1741 capitibuS,
1381 1688 1568 1729 lubricis
1600 1688 1768 1740 gressi-

496 1754 597 1803 bus,
620 1754 875 1795 lacrimosis
898 1755 1301 1807 postulationibus,
1331 1755 1535 1809 querulis
1562 1754 1768 1804 vocibus,

496 1820 674 1861 cunctis
695 1821 909 1861 membris
929 1822 1332 1871 conuenientibus,
1348 1820 1614 1863 aRomanis
1636 1820 1769 1861 auxi-

496 1886 557 1927 lia
579 1892 786 1939 petentes
808 1894 853 1928 et
872 1888 1188 1941 impetrantes.

568 1952 735 1994 Cim«.
760 1954 857 1994 XI.
893 1954 1136 2004 Quomodo
1158 1954 1373 1995 Britones
1395 1967 1575 1994 rursum
1596 1953 1769 1995 Roma-
1793 1960 1835 1989 25

498 2031 659 2059 norum
692 2020 907 2060 solatium
938 2021 1219 2073 repetierint,
1259 2026 1304 2062 et
1338 2020 1536 2073 qualiter
1570 2020 1770 2061 Romani

498 2097 597 2125 sese
628 2086 982 2138 excusaverint3
1016 2088 1094 2128 sed
1118 2093 1271 2128 tamen
1299 2087 1487 2127 laudare
1521 2092 1566 2128 et
1586 2100 1770 2128 monere

498 2158 755 2204 coeperunt,
778 2158 829 2193 ut
861 2166 1039 2194 murum
1077 2167 1105 2194 a
1138 2154 1253 2194 mari
1286 2154 1342 2194 ad
1376 2167 1502 2194 mare
1535 2154 1767 2205 facerent3

498 2218 620 2270 quod
643 2224 689 2259 et
711 2220 916 2260 fecerunt
936 2233 963 2260 a
984 2221 1097 2260 mari
1116 2220 1381 2273 Norwagiae
1401 2234 1546 2273 usque
1565 2220 1622 2261 ad
1645 2233 1770 2262 mare

500 2284 772 2335 Galwadiae,
814 2300 894 2339 per
934 2292 1038 2327 octo
1077 2287 1215 2341 pedes
1261 2288 1407 2328 latum
1446 2293 1492 2328 et
1531 2287 1769 2329 duodecim
1789 2296 1830 2324 30

499 2351 659 2401 altiim,
690 2358 735 2393 et
757 2359 906 2393 turres
940 2367 1022 2406 per
1049 2354 1293 2395 intervalla
1323 2359 1697 2404 construxerunt,
1716 2368 1770 2395 eo

499 2417 544 2456 in
577 2418 678 2458 loco
710 2419 784 2459 ubi
819 2420 1015 2460 Severus
1040 2420 1299 2474 Imperator
1329 2421 1578 2461 maximam
1599 2421 1769 2461 fossam

500 2484 897 2538 firmissimumque
925 2487 1114 2536 vallum,
1151 2488 1318 2528 crebris
1350 2487 1538 2540 insuper
1568 2487 1769 2528 turribus

497 2552 842 2601 communitum,
873 2566 952 2605 per
983 2559 1165 2594 centum
1200 2553 1393 2606 triginta
1424 2558 1469 2594 et
1503 2554 1594 2594 duo
1625 2553 1770 2594 millia

498 2629 717 2668 passuum
750 2618 887 2671 longe
919 2625 1025 2660 ante
1059 2620 1244 2669 fecerat,
1267 2620 1312 2659 id
1349 2625 1434 2669 est,
1469 2633 1495 2660 a
1517 2620 1642 2669 villa,
1664 2633 1767 2674 quae
1788 2625 1828 2654 35

908 2760 928 2779 ¹¹
951 2760 1124 2805 ‘'ia-itanu]
1153 2764 1293 2803 (intas,
1315 2764 1354 2794 Α.
