1907 3214
468 235 551 276 112
895 246 1119 277 EPIS'FOLA
1154 246 1326 277 (ηιμ-Ε.

467 351 854 393 immarcescibilis
887 357 1026 403 atquo
1058 357 1231 392 aterna
1262 351 1365 390 est?
1439 348 1499 389 Et
1525 353 1628 401 post
1658 348 1742 389 ali-

466 425 657 471 quanta,
699 418 896 470 Propter
935 418 1073 469 quod,
1115 417 1335 457 succincti
1377 420 1523 455 estote
1563 415 1742 455 lumbos

467 486 632 525 mentis
665 490 848 533 vestrae,
880 485 1035 533 sobrii,
1067 484 1266 536 perfecte
1287 487 1526 535 sperantes
1556 481 1603 520 in
1626 494 1741 531 eam,

466 566 568 604 quae
595 551 782 592 offertur
808 551 952 599 vobis,
982 551 1194 603 gratiam,
1229 550 1276 589 in
1311 548 1591 590 revelatione
1627 548 1655 588 J
1661 561 1741 588 esu

467 618 653 659 Christi.
727 617 978 658 Rimamini
1009 630 1206 669 namque
1234 615 1431 669 pectoris
1464 614 1604 655 vestri
1635 627 1740 667 pro·
1782 624 1801 650 5

466 685 622 734 funda,
666 698 725 725 an
765 684 904 725 sobrii
940 684 1056 732 sitis,
1093 688 1136 724 et
1174 682 1373 735 perfecte
1410 681 1740 722 sacerdotalem

465 752 662 804 gratiam
713 750 1068 791 examinandam
1122 749 1169 789 in
1218 748 1405 789 Domini
1460 748 1739 788 revelatione

464 818 761 859 conservetis,
834 818 894 858 Et
915 818 1079 857 iterum
1107 817 1232 865 dicit,
1256 814 1404 866 Quasi
1426 814 1505 854 filii
1528 814 1738 855 benedic-

464 885 602 925 tionis
636 898 727 925 non
759 884 1101 935 configurantes
1134 896 1216 923 vos
1239 882 1330 921 illis
1362 881 1590 934 prioribus
1606 881 1738 933 igno-

464 952 627 991 rantiae
652 956 818 991 vestrae
841 950 1093 998 desideriis,
1114 949 1193 989 sed
1219 948 1471 989 secundum
1494 947 1628 996 Eum,
1661 948 1735 1000 qui
1763 953 1800 980 10

463 1032 545 1058 vos
578 1017 762 1058 vocavit
792 1022 993 1066 sanctos,
1027 1021 1072 1057 et
1103 1029 1186 1057 vos
1218 1016 1365 1056 sancti
1396 1015 1443 1055 in
1475 1014 1598 1054 omni
1630 1027 1738 1054 con-

462 1085 722 1125 versatione
763 1088 925 1133 estote,
977 1088 1166 1136 propter
1216 1082 1336 1135 quod
1387 1081 1608 1134 scriptum
1653 1086 1738 1131 est,

463 1152 622 1192 Sancti
647 1156 809 1199 estote,
833 1151 941 1203 quia
971 1163 1057 1202 ego
1090 1163 1189 1189 sum
1215 1154 1418 1189 sanctus.
1486 1147 1603 1198 Quis
1626 1161 1738 1200 rogo

462 1224 666 1259 Vestrum
699 1217 765 1258 ita
798 1217 1092 1257 sanctitatem
1125 1221 1223 1256 toto
1256 1215 1396 1255 animi
1439 1214 1601 1255 ardore
1641 1227 1737 1254 sec-

463 1290 587 1325 tatus
621 1290 706 1334 est,
738 1288 789 1323 ut
817 1284 918 1333 hoc,
948 1288 1172 1336 quantum
1206 1282 1254 1322 in
1286 1295 1335 1323 se
1371 1286 1456 1331 est,
1483 1281 1615 1322 avide
1649 1280 1798 1321 ses-15

463 1352 632 1392 tinaret
663 1351 882 1403 implere?
955 1349 1043 1390 Sed
1066 1349 1302 1390 videamus
1334 1348 1443 1401 quid
1466 1348 1511 1387 in
1535 1347 1738 1401 ejusdem

462 1418 664 1458 secunda
713 1417 933 1458 Lectione
987 1416 1292 1457 contineatur.
1365 1414 1617 1464 Carissimi,
1669 1415 1738 1455 in-

463 1486 577 1538 quit,
618 1485 796 1525 animas
836 1488 1015 1524 vestras
1057 1482 1308 1523 castificate
1340 1482 1397 1522 ad
1439 1481 1738 1522 obediendum

464 1552 567 1591 fidei
604 1564 684 1604 per
715 1550 925 1603 spiritum
953 1551 999 1589 in
1026 1550 1235 1598 caritate,
1263 1549 1310 1589 in
1342 1548 1646 1596 fraternitate,
1680 1561 1738 1588 ex

465 1618 600 1658 corde
622 1631 730 1658 vero
751 1616 946 1657 invicem
961 1616 1205 1668 diligentes
1220 1620 1584 1668 perseveranter,
1607 1615 1739 1668 quasi
1759 1626 1800 1654 20

465 1685 612 1725 renati
635 1698 725 1725 non
759 1697 816 1723 ex
840 1683 1011 1723 semine
1032 1682 1336 1735 corruptibili,
1361 1682 1440 1722 sed
1463 1681 1740 1734 incorrupti-

464 1751 558 1800 bili,
586 1752 721 1791 verbo
746 1750 832 1790 Dei
854 1750 963 1798 vivi,
983 1754 1029 1790 et
1050 1749 1360 1802 permanentis
1382 1749 1428 1788 in
1453 1753 1690 1788 aeternum.

534 1818 676 1871 §102
712 1817 830 1857 Haec
860 1816 1040 1870 quidem
1074 1817 1131 1856 ab
1165 1815 1393 1868 Apostolo
1429 1814 1662 1864 mandata,
1695 1820 1740 1856 et

465 1885 510 1924 in
543 1885 614 1924 die
653 1883 955 1925 ordinationis
986 1887 1151 1923 vestra:
1184 1883 1318 1931 lecta,
1344 1886 1396 1922 ut
1423 1894 1478 1921 ea
1510 1881 1740 1934 indirupte

464 1951 772 1999 custodiretis,
815 1950 893 1990 sed
934 1962 1225 2001 nequaquam
1260 1961 1287 1988 a
1324 1948 1454 1988 vobis
1491 1948 1536 1987 in
1564 1948 1739 2001 judicio
1758 1958 1798 1986 25

465 2018 668 2070 impleta,
703 2017 781 2056 sed
816 2030 897 2056 nec
932 2015 1124 2055 multum
1156 2015 1361 2067 cogitata
1397 2014 1468 2054 vel
1506 2014 1740 2056 intellecta

465 2089 588 2124 sunt.
661 2083 721 2124 Et
751 2082 886 2131 infra,
922 2082 1220 2134 Deponentes
1253 2082 1395 2134 igitur
1430 2094 1609 2121 omnem
1642 2094 1738 2122 ma-

465 2151 627 2199 litiam,
671 2155 717 2190 et
757 2162 936 2190 omnem
979 2149 1150 2197 dolum,
1199 2153 1245 2188 et
1293 2147 1647 2197 simulationem,
1694 2153 1740 2189 et

465 2217 700 2266 invidiam,
734 2221 777 2257 et
811 2215 1134 2264 detractioneS,
1168 2215 1286 2255 sicut
1316 2214 1451 2255 modo
1491 2214 1634 2267 geniti
1669 2214 1738 2254 in—

465 2284 630 2333 fantes,
655 2283 968 2332 rationabiles,
999 2287 1045 2323 et
1066 2282 1163 2321 sine
1189 2282 1294 2322 dolo
1316 2282 1387 2322 lac
1415 2280 1738 2334 concupiscite,
1759 2288 1799 2316 30

464 2356 515 2391 ut
559 2364 612 2391 eo
646 2350 863 2391 crescatis
902 2350 948 2389 in
987 2349 1198 2397 salutem,
1235 2347 1452 2401 quoniam
1485 2347 1630 2388 dulcis
1670 2352 1741 2389 est

466 2418 709 2458 Dominus.
782 2416 1058 2468 Recogitate
1112 2428 1171 2455 an
1220 2415 1319 2455 haec
1364 2428 1546 2468 quoque
1589 2414 1738 2454 surdis

465 2485 651 2524 auribus
702 2496 729 2523 a
777 2483 906 2523 vobis
960 2482 1118 2522 audita
1167 2481 1368 2522 crebrius
1399 2481 1738 2522 conculcentur.

467 2551 527 2591 Et
566 2552 747 2598 iterum,
790 2549 890 2590 Vos
935 2554 1088 2589 autem
1136 2561 1280 2601 genus
1328 2548 1538 2596 electum,
1586 2547 1740 2598 regale

515 2715 536 2733 ¹²
565 2717 670 2756 Tota]
696 2716 733 2746 V.
748 2727 755 2753 ;
773 2726 832 2745 om.
855 2715 895 2745 13.
1174 2712 1196 2729 ¹⁵
1224 2712 1323 2752 Ilva]
1349 2712 1386 2743 V.
1401 2723 1409 2750 ;
1427 2722 1486 2741 om.
1510 2711 1548 2742 B.

514 2761 537 2778 ¹⁴
563 2759 743 2805 Set-tatus]
773 2763 808 2793 V.
824 2773 832 2799 3
850 2764 999 2799 secutus,
1019 2760 1061 2790 15.
