1907 3214
462 239 519 279 40
888 254 1117 286 EPISTOLA
1151 258 1324 288 GlLDAE.

463 368 596 406 eum3
651 356 721 396 sin
774 358 905 408 alias,
959 365 1145 402 aeternae
1199 368 1243 403 te
1296 363 1548 405 manebunt
1588 378 1741 418 poenae

463 422 792 463 conterendum
826 438 954 465 saeva
989 428 1206 469 continue
1247 434 1292 470 et
1328 443 1621 484 nequaquam
1662 434 1741 473 ab-

464 489 736 529 sumendum
758 490 945 532 Tartari
967 492 1116 534 falce?

248 564 447 608 vorfiporere-
534 555 640 608 §3L
676 559 687 576 ‘
711 555 833 607 Quid
858 564 925 608 tn,
951 573 1151 613 quoque,
1173 562 1317 615 pardo
1341 563 1502 604 similis
1522 564 1742 615 moribus,

246 598 350 622 'mm'
465 626 509 661 et
544 622 761 673 nequitiis
793 624 1008 676 discolor,
1046 618 1319 670 canescente
1351 630 1451 684 jam
1493 631 1661 684 capite,
1695 632 1743 673 in
1784 643 1802 671 5

465 687 631 728 throno
650 689 766 730 dolis
795 692 948 744 pleno,
973 698 1018 734 et
1041 695 1098 734 ab
1120 695 1221 736 imis
1241 697 1412 738 vertice
1436 703 1571 738 tenus
1592 698 1743 739 diver-

465 754 527 794 sis
549 756 805 807 parricidiis
827 764 871 799 et
892 760 1130 801 adulteriis
1152 769 1468 817 constuprato,
1497 765 1603 806 boni
1622 766 1744 818 regis

465 834 664 873 nequam
686 823 766 873 fili,
783 830 835 865 ut
849 825 1058 867 Ezechiae
1075 828 1336 880 Manasses,
1354 831 1656 872 Demetarum
1670 837 1743 886 ty-

465 899 608 928 ranne
630 888 887 943 Vortipori,
910 894 1092 946 stupide
1112 896 1265 948 riges?
1311 896 1435 947 Quid
1460 903 1505 939 te
1528 903 1622 939 tam
1644 899 1742 940 vio-

464 953 577 994 lenti
612 962 906 1007 peccatorum
941 961 1164 1014 gurgiteS,
1197 975 1313 1015 quos
1345 969 1397 1005 ut
1433 965 1592 1005 vinum
1623 966 1742 1019 opti—
1762 980 1803 1008 10

464 1033 588 1061 mum
628 1023 800 1073 sorbes,
839 1025 929 1066 imo
971 1032 1022 1068 tu
1060 1028 1117 1068 ab
1159 1029 1224 1070 eis
1264 1031 1456 1081 voraris,
1494 1033 1743 1086 appropin-

465 1093 638 1139 quante
670 1091 839 1130 sensim
876 1093 985 1134 vitae
1020 1094 1180 1146 limite,
1215 1110 1307 1137 non
1339 1099 1545 1139 satiant?
1619 1098 1743 1150 Quid

466 1155 597 1206 quasi
621 1156 831 1197 culminis
857 1160 1082 1201 malorum
1117 1164 1319 1204 omnium
1348 1170 1524 1218 stupro,
1556 1167 1743 1219 propria

466 1225 547 1261 tua
579 1228 735 1263 amota
766 1225 980 1279 conjuge,
1013 1228 1217 1282 ejusdem
1251 1230 1447 1273 honesta
1478 1237 1625 1273 morte
1657 1233 1741 1273 im-

465 1287 680 1340 pudentis
713 1290 835 1341 filiae,
870 1294 1069 1346 quodam
1105 1296 1389 1338 ineluctabili
1422 1299 1624 1352 pondere
1656 1300 1741 1341 mi-
1761 1312 1800 1340 15

465 1366 614 1394 seram
647 1356 847 1398 animam
881 1363 1077 1402 oneras?
1151 1363 1224 1404 Ne
1262 1377 1523 1416 consumas,
1565 1379 1740 1419 quaeso,

465 1420 639 1461 dierum
664 1424 786 1474 quod
819 1425 1044 1479 reliquum
1077 1434 1148 1470 est
1171 1430 1218 1470 in
1241 1431 1331 1472 Dei
1353 1432 1601 1485 offensam3
1632 1434 1743 1487 quia

467 1501 586 1528 nunc
619 1494 800 1543 tempus
827 1495 1125 1546 acceptabile,
1152 1502 1197 1537 et
1222 1497 1318 1538 dies
1347 1499 1510 1540 salutis
1535 1500 1740 1541 vultibus

464 1555 789 1605 poenitentium
828 1559 967 1609 lucet,
1003 1561 1051 1601 in
1084 1576 1175 1615 quo
1216 1565 1331 1605 bene
1373 1567 1554 1619 operari
1588 1572 1739 1620 potes,

466 1633 521 1659 ne
556 1621 635 1661 fiat
671 1622 782 1675 fuga
814 1630 895 1665 tua
931 1626 1094 1678 hieme,
1135 1630 1209 1670 vel
1247 1632 1456 1673 sabbato.
1529 1633 1736 1685 Diverte,
1756 1654 1799 1683 20

465 1688 717 1729 secundum
742 1690 1054 1744 Psalmistam,
1088 1708 1115 1736 a
1135 1697 1255 1737 malo
1287 1703 1333 1738 et
1364 1698 1437 1740 sac
1458 1700 1644 1751 bonum,
1665 1701 1736 1742 in-

464 1754 592 1804 quire
630 1768 789 1807 pacem
821 1758 989 1800 bonam
1022 1767 1067 1802 et
1104 1776 1295 1815 sequere
1327 1778 1443 1816 eam,
1476 1767 1585 1819 quia
1616 1768 1737 1809 oculi

464 1820 653 1861 Domini
693 1836 830 1876 super
870 1830 913 1866 te
946 1827 1067 1868 bona
1100 1836 1329 1882 agentem,
1372 1838 1419 1873 et
1460 1845 1594 1874 aures
1636 1834 1737 1889 ejus

462 1893 596 1927 erunt
628 1888 676 1927 in
707 1903 866 1942 preces
898 1898 1018 1943 tuas,
1051 1900 1095 1935 et
1128 1910 1220 1937 non
1251 1898 1413 1951 perdet
1443 1899 1498 1940 de
1519 1905 1645 1942 terra
1666 1902 1735 1943 vi-

461 1954 666 1994 ventium
709 1959 973 1999 memoriam
1016 1966 1157 2003 tuam.
1231 1964 1464 2006 Clamabis
1502 1972 1549 2008 et
1590 1980 1734 2009 exau·
1752 1987 1794 2015 25

460 2018 551 2058 diet
585 2025 646 2069 te,
679 2027 723 2062 et
756 2036 814 2062 ex
846 2026 1057 2067 omnibus
1089 2029 1463 2072 tribulationibus
1493 2034 1583 2073 tuis
1605 2039 1735 2076 eruet

460 2090 518 2125 te.
593 2085 684 2126 Cor
716 2089 940 2141 siquidem
974 2095 1221 2136 contritum
1263 2103 1308 2138 et
1345 2098 1633 2140 humiliatum
1675 2101 1732 2142 ti-

458 2164 583 2191 more
616 2153 715 2206 ejus
749 2169 976 2209 nusquam
1009 2160 1220 2203 Christus
1248 2165 1438 2217 spernit.
1509 2165 1730 2221 Alioquin

459 2219 625 2259 vermis
656 2222 869 2263 tortionis
910 2230 1000 2265 tuae
1034 2241 1123 2268 non
1158 2231 1393 2282 morietur,
1427 2237 1473 2274 et
1502 2233 1624 2286 ignis
1652 2248 1730 2275 us-

459 2284 596 2325 tionis
620 2292 710 2327 tuae
733 2302 825 2330 non
847 2293 1203 2346 exstinguetur?
1750 2318 1792 2347 30

240 2350 379 2408 fflffi'hffi
399 2359 427 2377 re
528 2351 549 2404 ἕ
569 2352 640 2393 32.
676 2357 687 2374 ‘
706 2354 770 2396 Ut
794 2357 902 2409 quid
925 2359 972 2399 in
987 2362 1206 2414 nequitiae
1223 2369 1315 2404 tuae
1331 2365 1530 2406 volveris
1544 2371 1730 2408 vetusta

457 2416 582 2467 saece,
608 2425 653 2460 et
674 2426 723 2461 tu
746 2423 803 2462 ab
826 2424 1149 2468 adolescentiae
1175 2431 1325 2480 annis,
1355 2445 1460 2473 urse
1481 2433 1729 2474 multorum

454 2497 621 2534 sessor,
670 2489 923 2542 aurigaque
968 2506 1128 2535 currus
1167 2499 1445 2550 receptaculi
1486 2499 1596 2548 ursi,
1639 2500 1729 2540 Dei

457 2579 1731 2600 Μ

499 2620 511 2637 ³
535 2622 661 2664 Falsast]
694 2624 731 2656 V.
749 2636 756 2663 ;
774 2626 884 2667 fauce,
904 2629 1071 2662 I’rimord.
1157 2632 1177 2650 ¹¹
1216 2634 1529 2678 Appropitzqmmte]
1574 2638 1636 2678 V.;
1668 2650 1728 2680 ap-

450 2678 482 2705 p.
502 2671 576 2700 542.
1106 2682 1292 2719 propiante,
1312 2682 1353 2712 B.

496 2713 508 2729 ²¹
539 2716 730 2758 Vartipm·i.]
756 2720 817 2750 See
839 2722 976 2753 Ushvr's
996 2725 1069 2755 Pri·
1153 2725 1177 2743 ¹¹⁵
1205 2728 1282 2767 Nm]
1317 2729 1352 2759 Γ.
1371 2739 1378 2766 ;
1397 2738 1474 2768 non,
1494 2730 1537 2761 B.

448 2761 551 2791 mord.
571 2772 627 2801 pp.
647 2767 722 2804 537,
740 2769 814 2798 542.
1150 2771 1170 2789 ²⁷¹
1197 2774 1437 2816 Psalmisfflm]
1464 2776 1522 2808 I'S.
1537 2778 1657 2811 xxxiii.
1671 2782 1723 2812 14.
