1891 3214
580 271 806 300 EP1s'1‘oLA
838 271 1010 300 GILDAE.
1379 263 1433 302 91

168 373 414 428 Prophetae
444 374 602 416 dicunt
634 376 714 426 eis,
750 375 857 417 Non
896 375 1107 417 videbitis
1140 375 1359 429 gladium,
1392 383 1435 418 ct

166 442 307 482 sames
338 455 428 482 non
461 442 548 482 erit
578 442 624 482 in
646 443 792 492 vobis,
821 442 900 482 sed
935 456 1093 495 pacem
1125 455 1278 483 veram
1310 442 1437 484 dabit

168 508 394 549 Dominus
414 508 544 549 vobis
575 509 621 549 in
654 509 755 550 loco
786 509 890 550 isto.
963 509 1023 549 Et
1058 508 1175 550 dixit
1210 510 1435 549 Dominus

166 575 224 615 ad
256 587 354 626 me3
389 574 528 616 Falso
562 575 798 628 prophetae
830 575 1142 616 vaticinantur
1171 576 1217 615 in
1255 576 1436 616 nomine

129 653 148 680 5
167 654 284 691 meo,
318 654 410 682 non
442 641 545 681 misi
577 655 654 682 eos
676 647 723 682 et
743 654 833 682 non
864 642 1062 694 praecepi
1090 642 1182 692 eis3
1214 642 1435 682 visionem

167 707 446 758 mendacem,
476 713 522 749 et
548 707 891 757 divinationem,
925 713 970 748 et
990 708 1360 758 fraudulentiam,
1393 713 1438 748 et

167 774 480 815 seductionem
515 774 663 815 cordis
696 775 783 824 sui,
811 774 1089 828 prophetant
1109 773 1254 815 vobis.
1327 774 1437 815 Ideo

168 840 266 881 haec
307 841 418 882 dicit
458 841 702 890 Dominus,
741 840 798 881 In
840 841 992 894 gladio
1029 846 1075 881 et
1115 841 1233 881 same
1271 853 1436 881 consu-

168 912 349 948 mentur
379 907 615 960 prophetae
647 907 742 958 illi3
775 912 821 947 et
850 907 1023 960 populi,
1046 907 1210 959 quibus
1242 907 1436 959 prophe-

110 984 150 1012 ιο
170 978 400 1023 taverunt,
434 973 627 1027 projecti
667 978 801 1014 erunt
839 973 885 1013 in
920 973 1006 1013 viis
1044 973 1301 1013 Jerusalem
1342 986 1436 1026 pra}

170 1040 287 1081 fame
310 1045 356 1081 et
375 1040 544 1093 gladio,
567 1045 611 1081 et
632 1052 724 1080 non
745 1040 830 1080 erit
850 1039 927 1092 qui
951 1039 1157 1092 sepeliat.

213 1106 319 1161 §82
341 1106 400 1147 Et
414 1107 596 1156 iterum,
611 1106 697 1147 Vae
713 1106 988 1159 pastoribus,
1012 1106 1089 1158 qui
1110 1105 1377 1158 disperdunt
1393 1110 1439 1145 et

169 1173 422 1213 dilacerant
455 1186 641 1225 gregem
669 1185 851 1225 pascuae
883 1184 1012 1221 mese,
1045 1171 1154 1212 dicit
1196 1171 1437 1211 Dominus.

172 1239 284 1282 Ideo
304 1239 401 1280 haec
425 1239 535 1280 dicit
557 1239 784 1279 Dominus
812 1239 938 1278 Deus
963 1238 1109 1277 Israel
1141 1237 1198 1277 ad
1232 1243 1438 1290 pastores

112 1314 151 1342 15
171 1306 248 1359 qui
271 1311 467 1360 pascunt
489 1305 708 1359 populum
731 1318 896 1354 meum,
919 1304 1016 1344 Vos
1038 1303 1315 1356 dispersistis
1337 1317 1437 1355 gre-

170 1386 274 1425 gem
304 1386 470 1422 meum,
494 1378 539 1412 et
561 1371 759 1426 ejecistis
781 1383 874 1419 eos,
896 1376 941 1411 et
964 1384 1055 1410 non
1075 1370 1296 1410 visitastis
1319 1369 1437 1409 illos.

172 1439 306 1488 Ecce,
339 1452 425 1491 ego
445 1439 641 1479 visitabo
663 1451 800 1490 super
822 1450 903 1477 vos
932 1436 1153 1476 malitiam
1184 1436 1437 1476 studiorum

171 1510 443 1554 vestrorum,
462 1505 572 1545 dicit
595 1504 836 1545 Dominus.
908 1502 1143 1555 Propheta
1167 1515 1360 1554 namque
1393 1507 1439 1542 et

172 1571 385 1612 sacerdos
425 1571 589 1624 polluti
629 1576 753 1619 sunt,
794 1575 840 1610 et
880 1569 926 1609 in
969 1569 1103 1609 domo
1142 1582 1244 1609 mea
1285 1567 1439 1608 inveni

111 1647 154 1675 20
172 1638 343 1679 malum
394 1650 566 1686 eorum,
605 1636 715 1677 dicit
755 1636 1008 1686 Dominus3
1063 1640 1108 1675 et
1159 1635 1326 1675 idcirco
1366 1635 1441 1674 via

173 1718 328 1745 eorum
349 1704 436 1745 erit
450 1703 581 1757 quasi
603 1703 826 1743 lubricum
851 1703 897 1742 in
922 1702 1134 1750 tenebris,
1151 1701 1442 1753 impellentur

171 1772 292 1812 enim
325 1776 371 1812 et
406 1775 620 1811 corruent
654 1770 700 1809 in
735 1782 804 1818 ea,
827 1768 1011 1808 ass'eram
1045 1768 1165 1808 enim
1197 1780 1332 1820 super
1363 1780 1440 1806 eos

172 1837 310 1887 mala,
343 1850 513 1878 annum
543 1835 820 1877 visitationis
852 1848 1022 1883 eorum,
1054 1833 1163 1874 dicit
1198 1833 1438 1873 Dominus.

175 1904 236 1945 Et
256 1904 303 1944 in
325 1903 560 1957 prophetis
592 1902 810 1942 Samariae
837 1901 926 1941 vidi
947 1900 1223 1949 fatuitatem,
1257 1905 1302 1940 et
1335 1912 1440 1951 pro-

112 1986 154 2014 25
174 1970 428 2023 phetabant
448 1971 495 2010 in
517 1969 651 2018 Baal,
673 1974 718 2009 et
740 1968 1027 2020 decipiebant
1052 1966 1270 2019 populum
1292 1979 1439 2005 meum

177 2036 349 2088 Israel;
382 2042 428 2077 et
447 2036 494 2077 in
521 2035 756 2089 prophetis
778 2034 1036 2075 Jerusalem
1059 2033 1151 2073 vidi
1182 2032 1441 2072 similitudi-

175 2116 295 2152 nem,
329 2102 619 2151 adulterium,
639 2107 686 2143 et
706 2102 792 2141 iter
825 2100 1065 2148 mendacii,
1086 2104 1130 2140 et
1153 2098 1440 2139 confortave-

176 2174 283 2209 runt
319 2181 481 2208 manus
523 2168 838 2221 pessimorum,
876 2172 927 2207 ut
969 2179 1060 2205 non
1100 2170 1442 2205 converteretur

176 2233 490 2288 unusquisque
512 2247 539 2274 a
559 2233 733 2274 malitia
755 2245 838 2272 sua
856 2245 866 2282 ;
901 2231 1009 2272 facti
1030 2236 1135 2271 sunt
1156 2230 1263 2269 mihi
1285 2243 1441 2269 omnes

118 2315 159 2344 30
178 2301 391 2350 Sodoma,
433 2307 479 2341 et
518 2300 799 2340 habitatores
850 2297 950 2350 ejus
993 2297 1123 2349 quasi
1166 2295 1439 2335 Gomorrah.

179 2367 432 2420 Propterea
451 2366 549 2407 haec
569 2366 679 2406 dicit
702 2364 927 2405 Dominus
951 2363 1006 2402 ad
1037 2361 1299 2415 prophetas,
1324 2361 1441 2401 Ecce

177 2447 264 2487 ego
296 2433 457 2474 cibabo
492 2446 570 2473 eos
606 2431 850 2479 absinthio,
873 2436 917 2470 et
948 2429 1114 2481 potabo
1148 2441 1224 2468 eos
1256 2427 1387 2477 selle;
1414 2440 1441 2467 a

177 2499 411 2554 prophetis
458 2500 577 2540 enim
618 2497 874 2538 Jerusalem
917 2500 986 2536 est
1026 2507 1210 2547 egressa
1250 2493 1441 2546 pollutio

177 2579 316 2620 super
333 2579 510 2607 omnem
534 2571 716 2606 terram.
790 2562 906 2603 Haec
929 2562 1038 2601 dicit
1061 2560 1285 2601 Dominus
1310 2573 1439 2599 excr—

118 2645 158 2673 35
178 2633 365 2683 eituum,
411 2632 566 2673 Nolite
609 2630 764 2671 audire
802 2629 940 2669 verba
976 2627 1315 2680 prophetarum,
1362 2626 1438 2677 qui

179 2699 452 2752 prophetant
476 2699 620 2747 vobis,
641 2703 683 2737 et
703 2696 933 2748 decipiunt
958 2707 1052 2739 vos,
1078 2693 1294 2732 xisionein
1319 2692 1436 2731 enim

179 2765 327 2806 cordis
349 2765 418 2805 sui
441 2765 705 2818 loquuntur,
731 2776 818 2803 non
843 2762 896 2801 de
919 2774 994 2800 ore
1021 2759 1220 2800 Domini.
1271 2758 1438 2799 Dicunt
