1891 3214
590 268 813 300 Eris'ronA
849 269 893 297 Gl
904 268 1020 298 unffi.
1376 258 1433 299 85

167 382 263 413 sam
285 372 481 413 humane
514 373 770 426 hospitibus
796 374 852 414 ad
883 375 1034 427 ignem
1063 387 1163 414 eum
1187 374 1319 414 avide
1341 380 1433 414 tra-

168 438 380 480 hentibus
401 440 631 492 apposuit,
654 446 698 481 et
719 440 926 494 objectus
949 441 1140 480 fiammis
1162 454 1243 493 pro
1263 440 1433 481 Christi

167 506 360 546 caritate
395 506 528 555 dixit,
561 510 572 527 ‘
593 506 684 557 Qui
719 507 841 547 dedit
876 507 984 547 mihi
1020 507 1140 559 ignis
1177 506 1293 547 ferre
1326 520 1432 559 sup-

168 572 368 624 plicium,
391 572 534 621 dabit,
556 578 622 622 ut,
643 574 739 613 sine
762 574 994 614 clavorum
1009 573 1282 622 confixione,
1305 573 1433 613 flam-

129 648 148 674 5
168 651 266 678 mas
287 639 577 680 immobiliter
597 639 852 692 perferam.'
910 640 1061 679 Unum
1083 639 1246 688 adhuc,
1267 645 1434 692 practer

167 717 383 757 magnam
403 706 553 746 verbis
573 706 734 746 volans
754 711 1017 746 sanctorum
1039 706 1217 753 silvam,
1238 706 1433 758 exempli

169 772 320 822 gratia
364 784 549 824 ponam,
600 772 824 812 Basilium
872 772 1060 820 scilicet,
1105 771 1434 812 Caesariensem
1453 783 1607 807 andnam.

168 838 448 891 episcopum,
470 839 548 891 qui
579 852 681 879 cum
705 839 761 878 ab
783 839 939 891 iniquo
961 838 1163 891 principe
1184 838 1317 878 minae
1353 838 1435 878 hu-

162 904 418 957 juscemodi
449 905 800 953 intentarentur,
821 905 958 957 quod,
991 904 1076 944 nisi
1108 905 1154 944 in
1187 905 1435 944 crastinum

110 985 151 1013 lo
170 969 369 1011 Arriano
401 984 549 1020 coeno,
580 977 631 1012 ut
663 972 816 1020 ceteri,
837 971 1158 1020 macularetur,
1189 976 1311 1011 esset
1340 984 1434 1011 om-

170 1037 277 1077 nino
300 1038 562 1087 moriturus,
584 1037 754 1078 dixisse
775 1038 933 1087 fertur,
952 1041 962 1057 ‘
986 1037 1082 1090 Ego
1105 1050 1214 1077 sane
1237 1050 1312 1077 ero
1334 1050 1434 1077 cras

170 1103 248 1155 qui
276 1103 409 1144 hodie
437 1117 553 1153 sum,
586 1110 635 1144 tu
669 1110 712 1144 te
746 1104 919 1144 utinam
950 1116 1040 1143 non
1071 1104 1304 1143 mutares?
1376 1103 1436 1143 Et

169 1170 350 1219 iterum,
380 1170 599 1210 ‘Utinam
621 1170 831 1210 haberem
857 1169 1027 1222 aliquid
1061 1169 1187 1220 digni
1221 1170 1435 1217 muneris,

171 1236 291 1288 quod
332 1236 536 1277 offerrem
580 1237 700 1285 huic,
743 1237 820 1288 qui
857 1236 1080 1276 maturius
1118 1235 1339 1275 Basilium
1381 1236 1435 1275 de

110 1316 151 1344 15
171 1302 290 1343 nodo
306 1302 428 1343 follis
449 1303 585 1357 hujus
603 1302 892 1343 absolveret.’
946 1302 1060 1352 Quis
1078 1315 1135 1341 ex
1151 1302 1278 1341 vobis
1301 1314 1435 1354 apos-

171 1369 297 1410 tolici
318 1370 538 1410 sermonis
572 1369 790 1420 regulam,
813 1382 915 1421 quae
942 1370 998 1408 ab
1021 1369 1228 1407 omnibus
1260 1381 1438 1420 semper

171 1437 343 1476 sanctis
385 1436 695 1476 sacerdotibus
737 1435 989 1487 quibusque
1030 1435 1309 1486 temporibus
1356 1448 1437 1473 ex-

171 1503 417 1551 stantibus,
449 1502 693 1542 humanam
726 1502 1065 1551 suggestionem
1098 1500 1439 1552 pra‘cipitanter

171 1568 228 1608 ad
272 1569 521 1621 nequitiam
563 1568 853 1608 festinantem
893 1567 1218 1607 recutientibus
1256 1571 1440 1606 servata

111 1648 153 1677 20
172 1640 257 1684 est,
288 1635 333 1674 in
367 1635 663 1675 concussione
696 1640 993 1687 tyrannorum
1026 1633 1253 1685 indirupte
1286 1638 1437 1672 custo-

171 1701 302 1750 divit,
318 1701 403 1741 hoc
423 1701 557 1742 modo
577 1701 746 1749 dicens,
765 1700 960 1740 Obedire
980 1704 1159 1752 oportet
1177 1699 1323 1751 magis
1340 1699 1439 1739 Deo

171 1780 308 1820 quam
331 1767 620 1808 hominibus?

257 1833 279 1888 ξ
317 1834 389 1875 76.
452 1834 603 1887 Igitur
651 1833 967 1885 confugientes
1020 1832 1154 1872 solito
1205 1843 1329 1871 more
1383 1829 1437 1870 ad
1461 1838 1593 1867 Passasses

174 1900 361 1941 Domini
415 1900 785 1948 misericordiam,
842 1904 1194 1950 sanctorumque
1246 1872 1659 1961 1³¹'0Ph0·{s{,¹‹lgff{l?r,¹le'}1²

113 1978 155 2007 25
175 1971 323 2008 tarum
357 1967 457 2021 ejus
489 1980 640 2016 voces,
677 1971 727 2006 ut
767 1965 831 2005 illi
870 1979 951 2018 pro
984 1965 1113 2005 nobis
1155 1963 1439 2004 oraculorum
1458 1971 1538 2001 houd.

174 2046 359 2074 suorum
392 2033 550 2087 jacula
592 2032 866 2086 imperfectis
907 2031 1183 2084 pastoribus,
1215 2035 1265 2070 ut
1306 2035 1444 2069 antea

175 2100 401 2153 tyrannis,
461 2100 589 2151 queis
650 2098 909 2150 compuncti
969 2102 1204 2145 sanentur,
1261 2096 1444 2144 librent,

176 2166 411 2206 videamus
434 2166 540 2218 quid
570 2166 791 2205 Dominus
823 2164 878 2203 ad
914 2164 1092 2203 desides
1114 2168 1157 2203 et
1181 2162 1445 2202 inhonestos

224 2296 236 2319 7
255 2293 446 2341 Basiliam]
471 2298 541 2328 The
563 2298 791 2327 conversation
877 2294 899 2313 ¹⁷
918 2295 1144 2325 Sacerdotibus
1164 2318 1170 2326 .
1193 2318 1200 2325 .
1223 2317 1230 2325 .
1248 2294 1446 2334 humanam]

178 2346 255 2376 here
287 2344 474 2375 mentioned
506 2344 582 2373 took
616 2344 710 2382 place
740 2345 793 2373 be-
829 2343 1064 2372 Sacerdotibus
1089 2341 1177 2370 omni
1209 2344 1354 2378 tempore
1387 2340 1448 2371 hu-

178 2397 285 2422 tween
305 2391 396 2421 Basil
414 2391 478 2421 and
496 2391 550 2420 the
570 2390 700 2420 l'refect
722 2390 793 2418 Mo·
833 2399 975 2425 manum,
997 2389 1033 2417 V.

178 2439 306 2472 destus,
337 2437 400 2467 and
441 2438 468 2467 is
508 2436 679 2466 hori-owed
712 2435 792 2467 from
876 2432 902 2452 ²⁰
925 2433 1137 2473 Custodit-in]
1163 2431 1377 2470 Custodiunt,
1405 2432 1446 2463 Β.

180 2485 344 2522 Βυῆὶυυε,
362 2493 399 2514 11.
418 2484 462 2514 ix.
834 2482 876 2511 G.

227 2529 239 2547 ⁸
257 2526 476 2573 Episcopum]
506 2531 577 2560 01η.
603 2529 639 2559 1'.
877 2525 900 2544 '²¹
923 2527 992 2556 Hoc
1005 2525 1241 2565 ›nudauit-enm]
1260 2526 1346 2557 Quae
1360 2526 1448 2564 ejus-

229 2575 254 2596 ¹²
272 2577 374 2617 Nom]
405 2578 476 2607 Om.
502 2577 540 2606 Γ.
804 2579 808 2583 ’
832 2574 920 2603 modi
938 2576 999 2606 est.
1024 2572 1060 2602 Γ.

227 2622 252 2642 Η
270 2624 320 2654 De
348 2624 425 2653 nodo
442 2623 565 2662 sallia]
605 2622 695 2651 nasi}
722 2621 797 2649 here
880 2618 903 2637 ‘2¹
926 2618 1091 2656 vlu-dire]
1118 2617 1193 2647 Act.
1214 2617 1261 2647 iii.
1284 2620 1332 2646 ll.

181 2670 313 2701 alludes
329 2673 361 2700 to
378 2670 432 2700 the
445 2667 655 2707 difficultyof
670 2667 799 2697 brvath-
881 2664 905 2686 ‘²7
926 2665 1053 2703 (ξυνίῃ-Α
1080 2664 1178 2699 Quis,
1201 2664 1239 2692 15.
1263 2663 1298 2693 Γ.

183 2717 239 2755 ing
278 2716 383 2746 under
410 2716 519 2746 which
552 2715 592 2745 he
628 2708 815 2749 lab‹›ur‹·‹l,i
881 2711 905 2727 Ἦ*
924 2711 1079 2752 Dominus
1105 2709 1173 2748 αφ]
1203 2710 1365 2739 Dominus
1391 2718 1450 2747 per

183 2772 239 2793 see
257 2762 343 2793 Acta
360 2763 393 2793 S.
414 2762 546 2799 Basilii,
563 2772 617 2800 ap.
639 2762 723 2791 Acta
741 2751 816 2790 55st
839 2758 1025 2797 Prophetas
1043 2756 1098 2793 ad,
1121 2756 1155 2785 Γ.

185 2809 293 2840 Mens.
305 2809 414 2847 Junii,
430 2813 507 2839 tom.
520 2809 553 2839 ii.
567 2818 598 2846 p.
611 2810 686 2846 875,
700 2807 714 2846 ’ξ
725 2809 799 2837 219.
