1891 3214
579 268 805 298 EPISTOLA
839 270 1010 299 GILDAE.
1373 262 1425 301 (51.

159 372 326 426 piverit
345 372 390 413 Ν
395 373 577 413 inivetis
610 373 848 427 propheta.
922 375 1026 424 Sed,
1048 376 1226 415 omissis
1250 376 1428 416 interim

158 440 343 488 nostris,
392 439 631 480 audiamus
670 442 823 493 potius
863 441 970 494 quid
1012 442 1279 494 prophetica
1319 444 1430 482 tuba

158 506 395 558 persultet.
469 505 603 556 Quod
642 507 681 546 si
717 507 903 556 dixeris,
946 508 1172 561 inquiens,
1214 509 1260 548 in
1295 509 1429 549 corde

158 576 254 621 tuo,
284 571 439 622 Quare
464 578 689 612 venerunt
722 574 843 614 mala
879 574 1011 615 haec?
1085 574 1282 627 Propter
1312 576 1427 615 mul-

119 648 138 676 5
158 638 399 679 titudinem
450 639 707 690 iniquitatis
759 644 866 680 tuae.
946 640 993 679 si
1044 646 1220 681 mutare
1277 648 1429 693 potest

159 704 376 757 AEthiops
426 705 591 757 pellem
643 718 787 754 suam,
840 710 921 746 aut
963 706 1133 758 pardus
1180 708 1427 747 varietates

159 783 282 820 suas,
315 776 361 811 et
388 783 470 811 vos
503 771 712 823 poteritis
740 771 1022 821 benefacere,
1051 786 1152 812 cum
1181 773 1428 814 didiceritis

158 837 701 887 malum,—subauditur,
731 838 839 890 quia
860 852 952 878 non
973 839 1129 879 vultis.
1202 839 1261 880 Et
1294 839 1427 889 infra,

161 902 280 944 Haec
301 903 412 944 dicit
435 903 661 944 Dominus
693 904 863 957 populo
885 905 1005 953 huic,
1033 904 1126 954 Qui
1147 905 1307 946 dilexit
1331 919 1426 945 mo-

100 984 140 1013 10
160 983 266 1011 vere
298 969 436 1022 pedes
469 983 577 1010 suos
606 975 651 1010 et
682 984 774 1010 non
811 971 1000 1023 quievit,
1029 977 1073 1011 et
1100 972 1299 1012 Domino
1336 986 1428 1013 non

160 1036 362 1089 placuit3
405 1049 526 1076 nunc
568 1037 881 1077 recordabitur
919 1038 1212 1089 iniquitatum
1255 1052 1427 1088 eorum,

160 1108 207 1143 et
243 1102 449 1143 visitabit
484 1108 675 1155 peccata
710 1116 879 1143 eorum.
953 1103 1012 1143 Et
1046 1103 1163 1144 dixit
1201 1105 1427 1144 Dominus

160 1168 217 1209 ad
250 1181 337 1218 me,
383 1168 493 1209 Noli
531 1182 661 1210 orare
699 1182 782 1222 pro
821 1169 991 1222 populo
1030 1170 1120 1210 isto
1159 1170 1205 1209 in
1243 1171 1426 1211 bonum.

162 1233 278 1276 Cum
303 1235 632 1289 Jejunaverint,
661 1249 753 1276 non
785 1235 1026 1276 exaudiam
1056 1249 1212 1288 preces
1245 1250 1426 1287 eorum;

102 1315 142 1343 15
160 1306 206 1342 et
235 1301 274 1341 si
299 1302 548 1342 obtulerint
574 1301 844 1342 holocausta
874 1307 920 1342 et
950 1303 1175 1351 victimas,
1209 1316 1300 1342 non
1328 1317 1427 1343 sus-

160 1368 325 1421 cipiam
346 1381 414 1408 ea.
487 1368 548 1408 Et
575 1368 755 1417 iterum,
786 1368 846 1408 Et
873 1368 991 1408 dixit
1013 1368 1238 1408 Dominus
1260 1369 1316 1408 ad
1341 1383 1427 1419 me,

161 1433 210 1474 Si
231 1434 409 1475 steterit
440 1433 627 1486 Moyses
659 1440 704 1474 et
732 1434 916 1474 Samuel
943 1447 1095 1474 coram
1122 1448 1208 1483 me,
1238 1448 1328 1475 non
1359 1441 1429 1476 est

161 1500 315 1540 anima
357 1512 457 1540 mea
497 1500 554 1540 ad
595 1500 813 1552 populum
859 1500 1012 1540 istum.
1086 1501 1212 1555 Ejice
1258 1501 1360 1542 illos
1401 1515 1427 1542 a

159 1565 275 1606 facie
306 1579 407 1606 mea
435 1571 480 1606 et
509 1566 816 1618 egrediantur.
890 1567 947 1606 Et
982 1571 1085 1619 post
1112 1579 1274 1619 pauca,
1312 1567 1427 1617 Quis

99 1645 142 1674 20
159 1633 446 1672 miserebitur
485 1633 566 1681 tui,
604 1632 878 1681 Jerusalem,
920 1638 1001 1672 aut
1042 1633 1144 1684 quis
1184 1635 1428 1674 contrista-

161 1699 282 1739 bitur
316 1712 400 1751 pro
432 1704 492 1747 te,
525 1703 604 1738 aut
625 1699 726 1750 quis
758 1699 839 1738 ibit
863 1698 917 1737 ad
941 1699 1193 1750 rogandum
1213 1712 1294 1751 pro
1317 1713 1428 1752 pace

160 1766 273 1805 tua?
345 1764 418 1804 Tu
454 1764 677 1817 reliquisti
714 1777 800 1813 me,
844 1764 954 1803 dicit
992 1764 1234 1813 Dominus,
1271 1771 1316 1805 et
1357 1779 1426 1805 re—

160 1836 358 1872 trorsum
381 1831 547 1879 abiisti,
574 1836 618 1870 et
640 1830 883 1870 extendam
910 1842 1094 1869 manum
1117 1843 1262 1870 meam
1292 1844 1428 1883 super

161 1902 223 1947 te,
258 1902 304 1938 et
341 1897 611 1937 interficiam
654 1901 712 1936 te.
787 1896 847 1936 Et
880 1901 984 1947 post
1016 1895 1267 1947 aliquanta,
1308 1896 1427 1937 Haec

101 1975 142 2004 25
161 1963 271 2004 dicit
299 1963 541 2012 Dominus,
578 1963 710 2011 Ecce,
735 1975 820 2014 ego
848 1962 969 2013 fingo
998 1968 1157 2002 contra
1189 1976 1270 2002 vos
1303 1964 1427 2015 cogi-

160 2030 398 2079 tationem,
432 2034 688 2070 revertatur
707 2028 1018 2080 unusquisque
1039 2040 1065 2067 a
1087 2028 1161 2068 via
1187 2042 1270 2068 sua
1291 2030 1426 2078 mala,

161 2100 207 2137 et
238 2096 419 2148 dirigite
461 2096 559 2135 vias
603 2100 780 2135 uestras
819 2100 863 2134 et
904 2094 1052 2134 studia
1095 2100 1263 2135 vestra.
1336 2095 1427 2145 Qui

162 2162 392 2210 dixerunt,
421 2162 747 2213 Desperamus,
783 2166 883 2213 post
915 2160 1216 2211 cogitationes
1247 2168 1427 2201 nostras

162 2228 342 2276 ibimus,
393 2234 438 2267 et
480 2227 792 2279 unusquisque
840 2226 1114 2278 pravitatem
1171 2227 1318 2266 cordis
1358 2228 1427 2267 sui

103 2305 144 2334 3ο
163 2294 271 2334 mali
313 2293 546 2334 faciemus.
621 2292 731 2332 Idco
773 2292 871 2332 lure
912 2292 1021 2331 dicit
1064 2292 1303 2339 Dominus,
1348 2293 1426 2332 In-

164 2365 394 2412 terrogate
416 2365 591 2411 geutCS,
617 2359 718 2411 quis
744 2358 917 2398 audivit
942 2357 1053 2397 talia
1074 2358 1305 2398 horribilia
1325 2372 1427 2411 quae

166 2426 269 2466 fecit
301 2426 434 2465 nimis
476 2426 605 2476 virgo
651 2424 824 2464 Israel?
898 2423 1119 2475 Nunquid
1160 2423 1336 2465 deliciet
1374 2425 1428 2465 (le

163 2497 294 2545 petra
334 2492 433 2543 agri
476 2491 554 2531 nix
601 2490 778 2538 Libani,
821 2495 901 2529 aut
938 2490 1041 2530 velli
1076 2496 1265 2542 possunt
1296 2504 1426 2543 aqum¹

162 2563 452 2611 erumpentes
487 2557 663 2609 frigidae
701 2556 986 2596 defluentes?
1025 2557 1129 2608 quia
1160 2557 1327 2597 oblitus
1360 2564 1427 2597 cst

101 2636 141 2664 35
162 2638 233 2665 me
266 2624 462 2677 populus
494 2637 634 2663 meus.
710 2623 766 2662 Et
808 2629 911 2675 post
951 2623 1203 2674 aliquanta,
1243 2624 1427 2674 optione

183 2760 196 2778 ³
220 2762 401 2802 Inquiens.]
428 2761 751 2798 1er.xiii.223xiv.
774 2763 906 2797 103xx·.
929 2763 958 2798 1,
976 2764 1015 2796 5;
1035 2761 1126 2791 xiiii.
1148 2763 1180 2790 ΙΙ
1200 2771 1206 2797 ;
1227 2761 1306 2791 xxii.
1327 2764 1357 2799 3,
1374 2764 1426 2791 21.
