1891 3214
551 259 777 289 HISTORIA
812 259 983 289 GILDAE.

1345 253 1402 292 :35

132 364 307 404 numeri
329 363 571 413 habentur,
603 370 653 405 ut
675 378 752 405 eos
775 363 1108 417 quodammodo
1130 365 1400 405 venerabilis

130 435 277 470 mater
309 430 517 480 ecclesia,
550 436 600 471 ut
632 431 678 470 in
711 431 813 471 sinu
846 443 928 471 suo
958 430 1272 471 recumbentes
1309 445 1399 471 non

130 496 301 545 videat,
327 510 441 550 quos
467 497 590 537 solos
612 510 744 537 veros
766 497 918 537 habet.

991 496 1196 546 Quorum
1219 511 1274 537 ne
1298 499 1398 550 quis

129 574 201 602 me
221 564 452 615 egregiam
469 564 626 612 vitam,
648 563 904 603 hominibus
925 563 1253 612 admirabilem,
1276 564 1397 604 Deo-

91 639 111 666 5
130 641 218 680 que
249 629 506 677 amabilem,
539 642 724 681 carpere
756 634 902 681 putet,
934 627 1122 682 (quibus
1151 636 1308 669 nostra
1329 631 1395 669 in-

130 694 337 743 firmitas,
372 695 513 735 sacris
547 695 847 743 orationibus,
875 699 927 734 ut
958 707 1049 733 non
1086 695 1267 747 penitus
1303 696 1395 735 col-

128 759 325 809 labatur,
353 761 485 813 quasi
516 761 739 801 columnis
770 759 1040 813 quibusdam
1066 773 1120 800 ac
1145 760 1300 800 fulcris
1321 775 1395 801 sa-

127 826 383 867 luberrimis
416 825 741 881 sustentatur,)
773 827 884 876 dixi,
921 826 960 866 si
997 839 1088 878 qua
1123 826 1308 867 liberius
1340 828 1395 867 de

127 891 214 942 his,
245 893 336 933 imo
367 893 621 946 lugubrius,
654 893 835 934 cumulo
859 892 1081 933 malorum
1114 894 1392 946 compulsus,

66 974 107 1004 10
127 959 206 1012 qui
227 959 434 1000 serviunt
465 972 557 1000 non
578 960 723 1000 solum
758 959 922 1008 ventri,
944 958 1023 998 sed
1045 965 1090 999 et
1111 959 1292 999 diabolo
1314 973 1394 1011 po-

126 1025 217 1066 tius
237 1038 374 1078 quam
392 1025 592 1075 Christo,
613 1027 691 1079 qui
713 1032 780 1066 est
803 1025 1068 1066 benedictus
1091 1038 1227 1077 super
1242 1026 1396 1066 omnia

126 1091 254 1132 Deus
284 1092 332 1132 in
351 1092 521 1141 secula,
555 1106 645 1133 non
671 1098 764 1133 tam
795 1091 1128 1144 disceptavero,
1159 1104 1296 1143 quam
1316 1092 1393 1131 de-

125 1157 308 1199 flevero.

380 1157 563 1211 Quippe
594 1158 702 1211 quid
740 1158 954 1198 celabunt
990 1158 1127 1206 cives,
1164 1170 1266 1209 quae
1303 1171 1392 1197 non

124 1223 271 1265 solum
311 1230 495 1274 norunt,
536 1225 616 1265 sed
655 1225 936 1278 exprobrant
977 1223 1076 1277 jam
1116 1224 1162 1263 in
1201 1224 1392 1264 circuitu

65 1302 104 1332 15
125 1291 366 1332 nationes?

191 1383 419 1414 EXPLICIT
463 1384 604 1413 LIBER
646 1384 802 1413 GILDAE
849 1382 1098 1413 SAPIENTIS
1146 1383 1206 1411 DE
1254 1383 1390 1412 EXCI-

125 1449 206 1480 1310
229 1450 509 1480 BRITANNIAE
533 1451 590 1479 ET
612 1450 863 1479 BRITONUM
890 1449 1244 1478 EXSULATIONE.

192 1532 459 1562 HISTORIAM
484 1533 656 1562 GYLDAE
678 1533 872 1562 CORMAC
896 1531 968 1561 SIC
992 1531 1206 1560 PERLEGE
1228 1532 1387 1560 SCRIP-

255 1599 356 1628 TAM

60 1665 104 1695 20

257 1796 516 1828 SUPERBOS.

190 1664 424 1695 DOCTORIS
442 1664 637 1702 DIGITIS,
661 1664 809 1694 SENSU
828 1664 1088 1701 CULTUQUE
1108 1663 1385 1702 REDACTAM,

190 1730 295 1760 HAEc
344 1731 532 1761 'l'ENL'ES
586 1731 822 1768 SUPERAT,

876 1731 907 1759 M
915 1730 1063 1761 [LTOS
1111 1729 1351 1767 CARPITQL·
1361 1731 1386 1759 E

171 1889 181 1910 ¹
209 1892 372 1934 Numeri]
397 1893 463 1932 A.;
480 1902 652 1932 numerus,
671 1893 715 1923 B.

170 1936 184 1956 ²
212 1939 286 1980 Ut.]
314 1941 387 1971 Om.
406 1940 450 1971 B.
475 1940 514 1971 V.

171 1983 184 2001 ³
213 1983 340 2030 Veros]
364 1987 470 2017 Veros
486 1986 582 2025 filios,
600 1986 644 2016 Β.
669 1985 707 2016 V.

172 2029 184 2047 ⁴
206 2031 470 2074 Admirabilem.]
517 2033 577 2070 V.;
614 2033 739 2063 amabi-

122 2077 200 2117 lem,
215 2078 260 2109 A.

171 2122 393 2165 ⁵Amubilem.]
403 2125 455 2162 V.;
467 2125 736 2163 inamabilen1‚.4.

170 2167 184 2186 ⁶
208 2171 349 2211 Sacris]
374 2171 414 2201 In
431 2171 547 2208 sacris,
571 2171 609 2201 V.

172 2214 184 2232 ⁸
208 2216 322 2257 Dixi]
351 2218 423 2248 Om.
443 2217 486 2247 Β.
511 2217 550 2247 1⁷.

172 2260 198 2282 ¹³
222 2262 407 2302 Celabunt]
432 2262 621 2299 Celebrant,
639 2262 681 2292 Α.

171 2307 197 2327 ¹⁵
223 2309 408 2349 Nationes]
432 2308 514 2338 This
541 2318 683 2348 passage
710 2309 738 2338 is

124 2355 235 2386 added
252 2356 284 2385 in
302 2355 344 2386 A.

172 2402 256 2432 ‘Sed
273 2405 348 2432 ante
365 2401 576 2440 promissum,
594 2400 666 2431 Deo
683 2410 737 2430 vo-

124 2447 224 2487 lente,
249 2457 359 2487 pauca
387 2447 428 2478 de
451 2447 530 2485 situ,
557 2447 599 2477 de
623 2451 736 2477 contu-

125 2495 233 2525 macia
255 2504 294 2525 ac
320 2495 405 2525 duro
430 2493 607 2531 famulatu,
630 2493 671 2523 cle
689 2503 735 2523 re-

122 2541 259 2580 ligione,
273 2540 315 2571 de
331 2540 574 2580 persecutione,
589 2516 630 2570 d(
643 2549 737 2570 sanc-

123 2587 166 2618 tis
182 2587 396 2627 martyribus,
418 2586 459 2617 de
476 2586 531 2616 div
535 2587 617 2617 ersis
634 2586 664 2616 h·
658 2596 738 2616 ere-

123 2633 232 2672 sibus,
262 2633 304 2665 de
334 2633 496 2673 tyrannis,
532 2633 573 2663 de
605 2633 737 2662 duabus

124 2680 280 2719 gentibus
310 2680 516 2718 victricibus,
547 2679 588 2710 de
625 2679 738 2709 desen-

124 2726 216 2756 sione
239 2726 385 2765 itemque
401 2726 598 2765 vastatione,
619 2726 660 2755 de
687 2736 738 2755 se-

124 2771 236 2803 cunda
265 2772 390 2803 ultione
428 2772 591 2811 tertiaque
630 2776 737 2802 vasta-

774 1892 873 1929 tione,
905 1891 946 1921 de
972 1890 1070 1928 fame,
1098 1890 1139 1920 de
1167 1891 1316 1929 epistolis
1343 1891 1385 1921 ad

774 1939 939 1977 Agitium,
962 1937 1003 1967 de
1021 1938 1171 1973 victoria,
1188 1937 1229 1966 de
1254 1938 1387 1967 sceleri-

773 1985 848 2022 bus,
865 1984 905 2013 de
919 1984 1086 2014 nunciatis
1100 1983 1250 2013 hostibus
1264 1985 1385 2021 subito,

772 2031 813 2061 de
837 2030 963 2060 famosa
988 2033 1092 2069 peste,
1117 2030 1158 2060 de
1175 2030 1325 2068 consilio,
1343 2031 1384 2059 de

772 2078 910 2108 saeviore
937 2077 1041 2106 multo
1068 2077 1182 2115 prirnis
1210 2076 1316 2113 hoste,
1343 2077 1385 2106 de

772 2124 903 2154 urbium
921 2123 1149 2161 subversione,
1166 2122 1207 2152 de
1220 2122 1385 2161 reliquiis,

770 2170 812 2199 de
829 2174 995 2207 postrema
1007 2169 1145 2199 victoria
1159 2169 1287 2206 patria»,
1306 2179 1382 2206 (μιιι)

771 2220 937 2254 postrema
987 2215 1125 2244 victoria
1178 2215 1382 2252 temporibus

771 2262 890 2291 nostris
915 2261 980 2291 Dei
1005 2265 1086 2291 nutu
1113 2260 1246 2297 donata,
1271 2260 1382 2290 dicere

772 2307 920 2338 curabo)

816 2354 885 2383 'l'he
923 2352 1093 2388 following
1133 2354 1207 2381 note
1245 2351 1272 2381 is
1305 2350 1381 2381 then

769 2400 878 2429 added
906 2399 936 2429 in
964 2399 1017 2428 the
1044 2398 1183 2435 margin,
1209 2408 1227 2427 a
1253 2398 1381 2435 portion

768 2446 805 2475 of
817 2446 939 2481 which,
963 2445 1039 2475 here
1056 2444 1185 2483 printed
1205 2444 1236 2473 in
1256 2444 1381 2482 Italics,

770 2493 828 2523 has
852 2493 934 2522 been
955 2495 1010 2521 cut
1038 2491 1085 2520 off
1101 2491 1142 2528 by
1165 2490 1219 2520 the
1246 2490 1380 2521 Binder.

768 2540 777 2556 ‘
797 2539 889 2569 Fecit
920 2547 1062 2576 namque
1101 2537 1171 2575 ipse
1203 2536 1306 2567 Gilda
1338 2536 1381 2565 Ii-

769 2579 863 2616 brum
888 2594 1042 2622 magnum
1071 2583 1111 2612 de
1140 2583 1274 2619 regibus
1304 2582 1380 2612 Bri-

769 2637 881 2662 tonum
903 2635 935 2662 et
960 2631 1001 2660 de
1023 2629 1152 2668 prot-liis
1179 2638 1304 2665 eorum,
1326 2629 1380 2657 sect

769 2679 849 2717 quia
874 2677 1074 2716 vituperavit
1099 2684 1155 2705 eos
1181 2675 1319 2704 inultum
1348 2674 1380 2705 in

770 2725 826 2755 illo
857 2724 953 2761 libro,
991 2721 1207 2752 incenderunt
1246 2721 1309 2759 ipsi
1342 2720 1382 2750 li-

771 2773 862 2801 brum
881 2769 998 2800 illuni.⁹

1077 2816 1095 2843 :3
1122 2822 1140 2842 n
1164 2815 1183 2842 2
