1907 3214
504 284 570 311 XX
1027 282 1257 312 PREFACE.

573 385 704 439 They
744 399 820 427 are
865 392 945 427 not
988 386 1198 428 included
1255 388 1301 427 in
1339 385 1415 427 the
1462 381 1774 435 archbishop's

571 463 779 517 splendid
814 463 1035 505 donation
1069 470 1116 505 to
1156 463 1335 517 Corpus
1375 462 1546 503 Christi
1570 460 1774 512 College,

572 540 862 594 Cambridge,
902 554 986 582 nor
1021 554 1099 583 are
1131 541 1240 595 they
1276 546 1323 581 to
1359 541 1415 580 be
1447 538 1587 580 found
1618 538 1665 578 in
1698 536 1774 577 the

568 617 740 672 library
781 618 834 659 of
862 618 1046 673 Trinity
1084 605 1306 671 College,⁸
1327 630 1378 658 or
1415 617 1462 657 in
1501 615 1578 657 the
1611 613 1774 655 Public

571 694 764 751 Library
795 695 848 737 of
876 696 979 737 that
1000 695 1286 749 University,
1323 700 1371 736 to
1405 693 1516 735 both
1548 691 1599 734 of
1627 691 1773 734 which

568 772 835 813 collections
876 772 1054 814 Parker
1100 786 1196 814 was
1238 785 1266 813 a
1312 771 1592 813 benefactor.
1673 769 1773 809 The

567 851 890 903 manuscripts,
923 850 977 891 of
990 850 1138 892 which
1170 850 1247 891 the
1269 850 1502 891 existence
1522 848 1562 889 is
1584 847 1772 896 known,

565 926 624 967 do
647 932 729 968 not
752 928 1029 981 correspond
1052 927 1162 969 with
1182 927 1211 968 J
1218 927 1453 968 osseline's
1474 924 1768 978 description.

565 1004 638 1058 By
660 1004 737 1045 the
769 1005 843 1045 aid
879 1005 931 1046 of
956 1005 1084 1046 these
1117 1005 1173 1046 he
1201 1009 1283 1046 not
1316 1004 1426 1058 only
1450 1002 1663 1044 removed
1685 1015 1770 1043 nu—

563 1095 745 1122 merous
770 1095 919 1122 errors
939 1082 1088 1123 which
1113 1081 1360 1136 disfigured
1384 1080 1654 1135 Polydore's
1676 1080 1770 1121 edi-

564 1159 688 1211 ti0n;
721 1159 804 1200 but
826 1159 1030 1200 restored
1054 1160 1238 1201 various
1266 1171 1488 1213 passages
1507 1158 1656 1200 which
1677 1157 1767 1199 had

561 1237 675 1277 been
708 1237 899 1278 omitted
937 1238 997 1291 by
1034 1237 1135 1278 that
1167 1236 1328 1278 editor.
1389 1236 1660 1277 Josseline's
1691 1248 1768 1277 ac-

560 1320 700 1356 count
721 1315 774 1356 of
789 1314 914 1356 what
934 1314 991 1355 he
1013 1311 1349 1368 accomplished
1385 1313 1455 1355 for
1484 1314 1575 1355 this
1595 1314 1768 1355 edition

560 1392 613 1433 of
630 1392 794 1434 Gildas
829 1392 868 1433 is
900 1392 1037 1445 given
1071 1393 1119 1433 in
1140 1391 1218 1433 the
1238 1396 1346 1433 note
1378 1391 1524 1433 below
1543 1386 1569 1444 ;1
1603 1392 1686 1432 but
1708 1404 1766 1432 an

527 1533 537 1553 ¹
551 1535 620 1566 ‘Ad
627 1537 828 1567 Mattliaeum
836 1537 1112 1567 Cantuariensem

592 1583 894 1622 archiepiscopum,
920 1584 1024 1613 totius
1040 1584 1111 1613 An-

593 1630 671 1669 gliae
685 1630 881 1668 Primatem,
897 1632 930 1660 et
942 1630 1112 1660 dominum

591 1677 729 1716 suum‚J
733 1677 850 1707 oannis
856 1677 877 1708 J
881 1676 1016 1707 osselini
1026 1686 1112 1716 prae-

589 1722 685 1753 satio.

542 1770 551 1786 ‘
562 1769 671 1799 Incidi
682 1779 800 1809 nuper,
806 1768 1045 1800 humanissime
1055 1769 1113 1799 do-

495 1816 596 1855 mine,
638 1819 697 1846 tua
740 1816 876 1854 quidem
916 1816 1112 1847 auctoritate

493 1872 590 1901 usus,
622 1863 654 1893 in
691 1862 777 1893 duos
818 1866 946 1893 veteres
981 1863 1113 1894 codices

495 1909 610 1940 Gildae
649 1910 807 1947 Britonis,
847 1919 987 1947 quorum
1030 1910 1115 1940 alter

494 1956 665 1985 literarum
694 1956 780 1985 notis
806 1955 904 1986 valde
929 1956 1113 1994 peregrinis

495 2005 529 2032 et
547 2003 589 2032 ab
612 2012 675 2032 usu
700 2005 810 2032 nostro
826 2002 959 2042 jamdiu
983 2002 1113 2041 alienis,

495 2048 621 2086 quippe
658 2048 803 2087 amplius
836 2049 1002 2078 sexcentis
1036 2048 1112 2079 hine

495 2095 592 2124 annis
613 2096 770 2134 scriptus,
802 2095 845 2124 ad
877 2094 1112 2126 bibliothecam

496 2140 781 2179 Angustinensem
811 2142 1003 2172 Cantnariae
1035 2142 1112 2172 olim

497 2188 678 2226 pertinuit3
712 2188 796 2218 alter
835 2188 971 2226 quidem
1009 2189 1113 2218 multo

496 2234 658 2264 recentior
683 2237 716 2264 et
738 2234 903 2273 scriptura
928 2244 992 2264 non
1017 2245 1112 2274 arque

496 2280 662 2319 diligenti,
678 2280 735 2319 qui
755 2284 864 2311 tamen
880 2281 1052 2311 minimum
1070 2283 1112 2312 ab

496 2326 553 2357 illo
581 2327 685 2357 altero
720 2327 901 2366 discrepat,
936 2327 1000 2358 fuit
1034 2328 1111 2358 olim

497 2373 742 2404 (ilastoniensis
758 2374 914 2414 coenobii,
931 2377 964 2405 at
974 2376 1045 2414 jam
1062 2378 1113 2405 est

496 2420 673 2459 cujusdam
731 2421 882 2458 generosi
922 2421 1111 2460 jurisperiti

497 2466 650 2496 Cantiani
663 2467 766 2497 solius
777 2470 809 2497 et
820 2467 986 2505 proprius.
1039 2467 1112 2498 Hos

495 2515 532 2541 ut
548 2512 672 2542 contuli
698 2522 774 2543 cum
791 2512 907 2551 Gilda,
929 2523 1028 2551 quem
1046 2514 1113 2543 Po-

496 2557 633 2596 lydorus
663 2559 725 2588 sub
758 2558 849 2597 prelo
885 2560 1007 2598 emisit,
1035 2561 1108 2599 jam

494 2605 590 2634 annis
618 2604 693 2634 hinc
731 2604 856 2643 elapsis
887 2606 1111 2644 quadraginta

494 2651 639 2689 dnobus,
662 2650 867 2689 deprehendi
891 2652 942 2682 vel
961 2652 1110 2683 defuisse

499 2697 664 2736 Polydoro
682 2707 770 2737 vera,
794 2698 934 2737 integra,
955 2702 988 2729 et
1012 2710 1109 2730 accu-

495 2747 564 2773 rate
592 2744 760 2783 descripta
787 2745 1004 2784 exemplaria,
1031 2756 1108 2784 quae

493 2793 700 2829 sequeretur,
709 2791 759 2821 vel
773 2791 882 2829 ipsum
895 2791 1108 2831 Polydorum,

492 2845 575 2874 pace
593 2839 649 2867 tua
666 2837 820 2876 dixerim,
837 2847 900 2867 non
916 2838 1110 2868 exhibuisse

1149 1536 1244 1567 nobis
1271 1536 1359 1567 hunc
1383 1538 1554 1567 auctorem
1579 1546 1654 1568 cum
1678 1537 1765 1569 bona

1148 1582 1308 1622 religione
1335 1586 1369 1613 et
1389 1583 1464 1614 fide.
1516 1583 1605 1614 Nam
1628 1593 1688 1623 per
1712 1595 1767 1615 co-

1149 1629 1254 1668 dices,
1261 1639 1344 1668 quos
1351 1630 1426 1661 dico
1436 1629 1518 1660 mihi
1527 1630 1628 1670 visos,
1635 1632 1765 1670 reperio

1148 1675 1248 1714 plane
1263 1677 1381 1714 multa,
1406 1686 1483 1715 quae
1509 1676 1633 1708 desunt
1655 1678 1688 1708 in
1704 1678 1765 1708 im-

1148 1732 1263 1761 presso
1295 1722 1412 1762 Gilda,
1437 1725 1505 1753 tam
1532 1732 1660 1763 eorum,
1686 1734 1763 1763 quae

1148 1772 1226 1799 sunt
1254 1770 1289 1800 in
1326 1770 1472 1800 auctoris
1508 1771 1656 1810 propria,
1694 1774 1763 1801 tum

1148 1816 1292 1847 maxime
1308 1825 1477 1846 sacrorum
1490 1816 1765 1857 testimoniorum,

1148 1872 1224 1900 quae
1250 1863 1293 1893 ab
1318 1863 1391 1902 ipso
1424 1863 1524 1893 etiam
1557 1866 1692 1894 auctore
1720 1865 1762 1895 ad

1148 1910 1383 1940 correctionem
1407 1919 1479 1941 suae
1504 1910 1612 1949 gentis
1632 1910 1686 1941 hic
1703 1911 1765 1942 ad-

1147 1955 1328 1995 ducuntur,
1353 1959 1390 1986 ut
1414 1956 1544 1987 interim
1571 1959 1699 1988 taceam
1731 1961 1764 1989 et

1147 2003 1257 2040 ipsum
1275 2002 1479 2042 Polydorum
1506 2012 1571 2033 non
1595 2013 1764 2044 accusem,

1147 2049 1237 2087 qnod
1253 2049 1400 2080 auctoris
1416 2050 1517 2080 verba
1542 2059 1642 2088 quam
1658 2051 1764 2089 pluri·

1147 2096 1209 2126 mis
1240 2096 1274 2125 in
1302 2096 1383 2127 locis
1414 2096 1562 2136 mutarit,
1602 2097 1762 2128 nonnulla

1146 2143 1339 2181 resecuerit,
1362 2142 1518 2181 quaedam
1544 2142 1611 2173 alio
1645 2144 1761 2175 ordine

1146 2188 1275 2227 locarit,
1298 2199 1374 2219 cum
1391 2199 1432 2220 ex
1449 2191 1542 2228 parte
1559 2188 1620 2220 hoc
1637 2199 1672 2220 se
1683 2191 1762 2229 jure

1146 2235 1296 2273 potuisse
1313 2235 1422 2266 facere
1440 2235 1594 2274 exemplo
1611 2239 1760 2267 veterum

1146 2282 1397 2321 castigatorum,
1420 2282 1478 2321 qui
1503 2282 1589 2313 hanc
1618 2283 1681 2313 sibi
1713 2283 1762 2315 fa-

1146 2328 1304 2358 cultatem
1325 2329 1559 2368 permiserunt,
1579 2330 1760 2362 confirmat.

1147 2375 1270 2405 Verum
1280 2378 1402 2414 praeter
1417 2375 1501 2406 hanc
1512 2375 1648 2406 nimiam
1663 2376 1763 2408 liber-

1146 2424 1246 2452 tatem
1273 2422 1424 2452 mutandi
1450 2422 1623 2452 verborum
1647 2426 1681 2453 et
1710 2433 1760 2454 or-

1146 2468 1245 2507 dinis,
1272 2477 1338 2506 quo
1368 2468 1467 2507 plane
1494 2467 1620 2498 factum
1646 2472 1698 2500 est
1723 2472 1761 2500 ut

1146 2514 1262 2544 eadem
1288 2514 1434 2545 auctoris
1460 2515 1623 2545 sententia
1639 2515 1672 2545 in
1688 2525 1762 2547 ver-

1146 2561 1196 2590 bis
1228 2563 1260 2591 et
1285 2560 1400 2591 ordine
1426 2570 1491 2591 non
1517 2564 1685 2601 maneant,
1722 2566 1760 2593 ut

1145 2606 1255 2646 facile,
1285 2607 1530 2645 comparatione
1555 2606 1657 2647 facta,
1684 2618 1761 2640 con-

1145 2654 1257 2692 stabit,
1308 2653 1471 2692 quasdam
1521 2655 1759 2687 sententiarum

1145 2699 1328 2738 particulas
1364 2699 1405 2730 de
1442 2710 1502 2730 suo
1538 2701 1690 2741 inseruit,
1726 2705 1759 2733 et

1144 2755 1240 2776 saera
1267 2746 1514 2784 Scripturarum
1556 2747 1760 2788 testimonia,

1145 2802 1222 2830 quae
1253 2792 1384 2831 retinet,
1407 2803 1470 2823 non
1496 2793 1607 2824 omnia
1633 2794 1759 2825 eisdem

1147 2838 1268 2878 verbis,
1300 2839 1423 2878 quibus
1454 2840 1588 2879 reperit,
1618 2841 1759 2880 reponit,
