1907 3214
474 251 531 289 60
899 262 1125 292 EPISTOLA
1159 263 1330 292 01110111.

474 368 552 420 (1111
594 368 769 420 seipsos
812 380 902 407 non
939 367 1185 416 deflebant,
1228 372 1279 407 ut
1311 372 1357 407 et
1388 380 1508 407 nunc
1543 367 1747 408 infelices

474 434 659 487 tyranni
693 438 853 486 agunt,
896 438 1027 486 optat
1065 434 1151 473 sibi
1190 433 1449 474 auctionem
1490 433 1679 474 fletuum
1721 448 1748 474 a

475 501 675 540 Domino
710 500 912 549 concedi,
948 500 1034 540 hoc
1070 500 1205 540 modo
1244 500 1416 550 dicens,
1453 500 1601 553 Super
1638 513 1746 541 6011-

474 568 659 607 11·1110116
702 567 807 606 filiae
851 567 1009 620 populi
1046 566 1135 606 mei
1168 567 1392 607 contritus
1426 580 1542 616 sum,
1587 572 1749 620 stupor

473 634 670 674 obtinuit
693 647 778 674 me.
852 633 1075 686 Nunquid
1102 634 1252 674 resina
1274 647 1365 674 non
1387 639 1458 674 est
1478 634 1524 674 in
1549 633 1747 682 Galaad,
1790 643 1808 670 5

474 706 552 740 aut
587 700 789 740 medicus
818 713 909 740 non
939 706 1008 740 est
1036 701 1127 740 ibi?
1201 699 1357 750 Quare
1392 714 1501 753 ergo
1541 714 1632 740 non
1667 701 1747 741 ob-

474 767 613 807 ducta
644 772 714 807 est
745 767 937 807 cicatrix
969 767 1074 807 filiae
1107 767 1262 819 populi
1292 767 1410 807 mei?
1484 766 1601 817 Quis
1621 767 1749 808 dabit

474 834 613 886 capiti
650 847 750 873 meo
786 846 969 886 aquam,
1003 839 1048 874 et
1081 834 1224 873 oculis
1261 835 1372 874 meis
1406 833 1577 874 sontem
1614 834 1747 874 lacri-

474 913 666 949 marum,
701 905 746 940 et
779 900 969 952 plorabo
1004 900 1076 939 die
1109 905 1154 940 et
1193 905 1327 941 nocte
1366 900 1630 941 interfectos
1666 914 1747 954 po-

473 967 569 1019 puli
602 966 724 1006 mei?
798 965 914 1016 Quis
940 966 1067 1006 dabit
1099 965 1209 1006 mihi
1241 967 1288 1006 in
1319 966 1567 1007 solitudine
1598 967 1748 1008 diver·
1768 974 1809 1002 10

472 1034 643 1073 sorium
665 1033 910 1083 viatorum,
937 1038 982 1073 et
1003 1033 1313 1086 derelinquam
1339 1033 1560 1087 populum
1581 1047 1748 1084 meum,

474 1105 519 1140 et
533 1100 740 1140 recedam
763 1101 819 1139 ab
841 1100 921 1149 eis,
943 1100 1050 1153 quia
1071 1113 1228 1140 01111165
1246 1100 1442 1141 adulteri
1462 1106 1586 1150 sunt,
1600 1106 1749 1141 coetus

473 1167 911 1218 praevaricatorum?
976 1166 1036 1207 Et
1057 1166 1582 1220 extenderuntlinguam
1601 1180 1748 1217 suam,

473 1234 605 1285 quasi
627 1247 782 1274 arcum
805 1233 1031 1273 mendacii
1051 1238 1097 1274 et
1120 1247 1211 1274 non
1231 1234 1439 1275 veritatis
1459 1247 1468 1284 3
1502 1234 1749 1275 confortati

473 1305 580 1340 sunt
620 1300 667 1339 in
710 1305 848 1349 terra,
883 1301 992 1352 quia
1024 1300 1079 1340 de
1113 1300 1232 1341 malo
1268 1301 1325 1340 ad
1364 1301 1535 1341 malum
1576 1302 1749 1353 egressi
1768 1315 1807 1343 15

473 1372 596 1415 sunt,
637 1372 680 1406 et
723 1380 794 1406 me
842 1380 934 1407 non
981 1372 1314 1419 cognoverunt,
1353 1367 1464 1408 dicit
1503 1367 1746 1409 Dominus.

475 1433 534 1473 Et
574 1434 755 1482 iterum,
802 1433 861 1474 Et
898 1433 1016 1473 dixit
1047 1434 1291 1483 Dominus,
1339 1433 1462 1484 Quia
1493 1434 1746 1488 derelique-

473 1504 581 1540 runt
601 1500 748 1553 legem
772 1513 918 1540 meam
941 1513 1079 1553 quam
1099 1500 1201 1540 dedi
1222 1501 1302 1550 eis,
1326 1505 1371 1541 et
1392 1514 1483 1542 non
1503 1501 1748 1542 audierunt

472 1580 631 1607 vocem
673 1580 837 1616 meam,
887 1572 932 1607 et
973 1580 1064 1608 non
1111 1567 1464 1608 ambulaverunt
1504 1568 1551 1608 in
1594 1581 1664 1618 ea,
1702 1573 1748 1609 et

472 1634 683 1674 abierunt
717 1638 822 1686 post
847 1633 1123 1686 pravitatem
1156 1633 1305 1674 cordis
1334 1634 1420 1683 sui,
1450 1634 1618 1676 idcirco
1650 1634 1749 1676 haec
1766 1648 1808 1677 20

471 1699 582 1740 dicit
632 1700 858 1740 Dominus
903 1701 1187 1741 exercituum
1231 1701 1358 1741 Deus
1405 1701 1578 1752 Israe13
1614 1702 1747 1752 Ecce,

471 1780 556 1819 ego
594 1767 754 1807 cibabo
788 1767 1008 1820 populum
1041 1767 1180 1808 istum
1217 1767 1479 1820 absynthio,
1513 1773 1558 1808 et
1589 1774 1747 1821 potum

471 1833 588 1874 dabo
611 1834 676 1873 eis
701 1847 867 1887 aquam
890 1833 1024 1875 sellis.
1071 1834 1131 1874 Et
1152 1839 1258 1887 post
1279 1847 1443 1887 pauca,
1466 1834 1587 1888 quod
1610 1836 1748 1876 etiam

470 1901 673 1940 crebrius
705 1901 827 1954 stylo
859 1901 1085 1953 propheta
1116 1901 1346 1955 adjunxit,
1378 1901 1533 1942 dicens
1565 1915 1623 1942 ex
1645 1916 1748 1955 per-

472 1980 586 2007 sona
619 1967 722 2015 Dei,
756 1967 829 2006 Tu
861 1980 971 2019 ergo
1004 1968 1097 2007 noli
1118 1981 1248 2007 orare
1273 1981 1354 2020 pro
1378 1969 1548 2021 populo
1577 1968 1678 2018 hoc,
1702 1974 1747 2011 et
1765 1980 1806 2008 25

472 2046 527 2073 116
567 2046 774 2073 assumas
806 2046 889 2085 pro
931 2033 995 2073 eis
1034 2034 1215 2074 laudem
1251 2038 1296 2073 61
1331 2035 1603 2084 orationem,
1640 2036 1748 2088 quia

471 2113 562 2140 non
594 2100 837 2140 exaudiam
860 2099 905 2139 in
927 2104 1130 2153 tempore
1153 2100 1365 2140 clamoris
1391 2114 1547 2141 eorum
1573 2102 1630 2142 ad
1660 2116 1746 2152 me,

472 2171 518 2206 et
538 2165 796 2206 afflictionis
820 2180 991 2206 eorum.

541 2232 653 2286 §5st
689 2232 811 2283 Quid
848 2246 957 2285 ergo
994 2246 1115 2272 nunc
1146 2233 1336 2275 infausti
1370 2235 1508 2276 duces
1542 2235 1745 2276 sacient?

474 2299 548 2338 Illi
571 2300 705 2351 pauci
726 2300 1011 2340 invenientes
1033 2301 1153 2340 viam
1181 2306 1443 2353 angustam,
1465 2306 1620 2343 amota
1640 2314 1746 2355 spa·
1765 2315 1806 2343 30

470 2366 609 2416 ciosa,
647 2367 862 2419 prohibiti
894 2380 921 2407 a
954 2367 1055 2407 Deo
1087 2381 1142 2407 ne
1175 2382 1331 2420 preces
1364 2382 1446 2422 pro
1477 2369 1607 2410 vobis
1642 2368 1745 2409 fun-

471 2432 584 2472 dant
616 2434 1016 2485 perseverantibus
1051 2434 1098 2473 in
1136 2435 1285 2484 malis,
1326 2440 1371 2476 et
1403 2440 1643 2489 tantopere
1675 2436 1745 2476 in-

471 2499 735 2549 citantibus,
772 2501 899 2552 queis
929 2514 952 2540 e
985 2501 1216 2542 contrario
1249 2515 1308 2542 ex
1338 2502 1472 2542 corde
1502 2502 1558 2542 ad
1595 2502 1745 2542 Deum

472 2566 811 2617 repedantibus,
850 2567 951 2606 Dco
987 2567 1170 2607 nolente
1207 2568 1405 2608 animam
1441 2568 1636 2608 hominis
1674 2568 1744 2609 in-

472 2633 623 2681 terire,
652 2633 729 2673 scd
763 2638 1057 2682 retractante,
1086 2647 1140 2674 ne
1170 2635 1351 2687 penitus
1377 2639 1536 2687 pereat
1561 2635 1638 2687 qui
1664 2636 1744 2675 ab·
1762 2649 1802 2677 35

464 2697 617 2750 jectus
659 2705 744 2749 est,
786 2700 1037 2740 vindictam
1080 2714 1171 2740 11011
1212 2701 1470 2753 potuissent
1514 2701 1743 2752 inducere,

469 2765 572 2815 quia
612 2780 691 2807 nec
725 2767 889 2815 Jonas,
922 2772 967 2807 et
996 2767 1178 2819 quidem
1213 2780 1313 2807 cum
1348 2767 1541 2808 multum
1575 2781 1742 2809 concu-
