1907 3214
246 1085 380 1114 Passnges

245 1119 316 1142 from

246 1150 386 1175 Ezechiel.

449 223 507 264 98
866 232 1094 262 EPISTOLA
1127 231 1300 261 GILDAE.

453 339 574 380 enim
605 338 866 391 egredietur
885 338 1018 391 quasi
1048 337 1169 390 ignis
1202 336 1384 385 ardens,
1407 340 1452 376 et
1473 335 1606 388 quasi
1636 347 1727 388 poa

453 406 725 454 lavantium,
759 410 805 445 et
839 405 1015 445 sedebit
1048 403 1254 444 conflans
1286 408 1332 443 et
1369 402 1622 443 emundans
1653 414 1727 441 ar-

455 478 660 525 gentum,
701 477 747 511 et
785 471 1003 524 purgabit
1038 470 1155 510 filios
1195 469 1325 519 Levi,
1361 474 1407 509 et
1440 469 1611 509 colabit
1649 480 1727 508 eos

456 539 590 591 quasi
611 551 772 578 aurum
792 544 838 578 et
858 537 989 590 quasi
1011 542 1267 590 argentum.
1339 535 1401 576 Et
1431 540 1537 588 post
1563 547 1728 588 pauca,

459 605 766 645 Invaluerunt
797 618 933 657 super
963 617 1034 644 me
1055 604 1197 644 verba
1217 607 1388 652 vestra,
1421 602 1532 642 dicit
1567 601 1728 642 Domi·
1770 610 1788 637 5

459 685 559 721 nus,
595 677 639 712 et
682 672 880 721 dixistis,
922 670 1086 711 Vanus
1121 676 1191 711 est
1232 670 1310 723 qui
1349 669 1491 710 servit
1532 669 1650 717 Deo,
1685 673 1731 708 et

459 738 581 791 quod
605 739 977 787 emolumentum,
1000 737 1109 790 quia
1140 737 1470 777 custodivimus
1497 740 1731 788 praecepta

459 805 575 859 eJUS,
613 811 657 845 et
679 805 788 857 quia
820 804 1154 844 ambulavimus
1186 817 1339 844 coram
1364 803 1565 843 Domino
1598 815 1730 842 exer-

458 872 631 912 cituum
654 872 823 911 tristes.
896 871 1020 923 Ergo
1048 884 1169 910 nunc
1189 871 1350 910 beatos
1371 870 1574 910 dicemus
1605 881 1731 909 arro-

460 944 641 991 gantes,
673 937 897 990 siquidem
929 937 1144 977 aedificati
1173 942 1281 977 sunt
1312 936 1533 976 facientes
1564 935 1732 989 iniqui·
1751 943 1792 971 10

459 1010 619 1053 tatem,
643 1010 941 1046 tentaverunt
960 1004 1126 1053 Deum,
1148 1009 1193 1044 et
1214 1003 1331 1044 salvi
1353 1002 1464 1043 sacti
1482 1007 1604 1043 sunt.

530 1072 645 1125 §9st
670 1071 793 1121 Quid
819 1084 927 1111 vero
961 1070 1172 1111 Ezechiel
1204 1070 1431 1123 propheta
1459 1069 1629 1110 dixerit
1662 1074 1733 1110 at-

462 1138 650 1178 tendite.
723 1138 827 1187 Vae,
848 1138 1076 1189 inquiens,
1106 1150 1243 1190 super
1262 1150 1333 1177 vae
1356 1136 1524 1186 veniet,
1547 1141 1592 1177 et
1615 1149 1733 1176 nun-

462 1205 558 1245 cius
579 1218 717 1257 super
736 1205 954 1244 nuncium
987 1204 1088 1254 erit,
1110 1209 1155 1244 et
1186 1209 1420 1256 quaeretur
1440 1203 1556 1244 visio
1580 1215 1732 1256 apro-

461 1271 617 1324 pheta,
640 1276 685 1311 et
716 1271 793 1311 lex
824 1272 991 1324 peribit
1023 1284 1050 1311 a
1080 1271 1318 1311 sacerdote
1339 1276 1385 1311 et
1406 1270 1645 1310 consilium
1678 1270 1794 1310 de15

463 1338 733 1379 senioribus
805 1338 866 1379 Et
887 1338 1069 1387 iterum,
1094 1337 1212 1377 Haec
1242 1337 1352 1377 dicit
1374 1337 1630 1387 Dominus;
1664 1336 1734 1377 Eo

464 1405 586 1458 quod
619 1417 850 1445 sermones
871 1405 1014 1445 vestri
1046 1408 1154 1445 sunt
1184 1404 1443 1453 mendaces,
1475 1409 1521 1444 et
1556 1403 1734 1444 divina-

464 1472 612 1512 tiones
632 1477 799 1512 vestrae
822 1485 972 1520 vanae,
990 1476 1179 1524 propter
1208 1470 1295 1511 hoc
1326 1483 1430 1511 ecce
1450 1483 1535 1523 ego
1557 1470 1614 1510 ad
1635 1483 1735 1520 vos,

465 1538 576 1578 dicit
599 1538 843 1579 Dominus,
915 1538 1179 1578 Extendam
1208 1551 1394 1578 manum
1426 1550 1574 1578 meam
1600 1550 1737 1590 super

465 1604 731 1658 prophetas,
766 1605 844 1658 qui
879 1604 1038 1645 vident
1070 1604 1324 1654 mendacia,
1365 1609 1410 1644 et
1446 1617 1524 1645 eos
1559 1604 1637 1657 qui
1668 1604 1797 1645 10-20

466 1676 670 1724 quuntur
690 1684 811 1712 vana
842 1671 887 1711 111
920 1671 1162 1724 disciplina
1186 1671 1345 1724 populi
1363 1671 1452 1711 mei
1472 1684 1564 1711 non
1587 1676 1737 1721 erunt,

467 1743 512 1778 et
531 1738 578 1777 in
600 1739 828 1791 scriptura
848 1738 1009 1779 domus
1032 1738 1179 1778 Israel
1206 1751 1298 1778 non
1329 1738 1601 1787 scribentur,
1624 1743 1670 1778 et
1689 1737 1738 1778 in

467 1809 637 1845 terram
661 1805 807 1846 Israel
841 1819 933 1845 non
963 1805 1219 1854 intrabunt,
1251 1809 1297 1845 01
1329 1805 1482 1844 scietis
1513 1804 1621 1857 quia
1652 1817 1738 1857 ego

468 1872 712 1912 Dominus.
796 1871 1052 1924 Propterea
1100 1871 1320 1924 populum
1369 1884 1519 1911 meum
1569 1871 1738 1913 sedux-

468 1944 603 1979 erunt
632 1939 852 1987 dicentes,
874 1951 967 1990 pax
989 1938 1192 1987 Domini,
1225 1943 1270 1978 et
1301 1951 1393 1977 non
1421 1943 1491 1978 est
1523 1950 1619 1990 pax
1639 1938 1738 1979 Do-
1754 1943 1796 1972 25

467 2005 594 2044 mini.
666 2004 759 2044 Hic
791 2005 928 2045 struit
960 2005 1196 2057 parietem,
1229 2009 1274 2044 et
1305 2003 1393 2056 ipsi
1415 2010 1597 2056 ungunt
1617 2018 1737 2055 eum,

469 2075 516 2110 et
549 2070 696 2111 cadet.
770 2071 828 2111 Et
863 2076 967 2123 post
1004 2071 1256 2124 aliquanta,
1291 2070 1379 2111 Vae
1415 2070 1486 2110 his
1519 2071 1597 2124 qui
1628 2084 1737 2112 con-

468 2137 658 2177 cinnant
681 2137 925 2178 cervicalia
946 2139 1108 2177 subtus
1131 2151 1310 2177 omnem
1331 2138 1536 2178 cubitum
1559 2151 1738 2188 manus,

469 2209 514 2243 01
545 2204 721 2245 faciunt
743 2204 972 2244 velamina
1007 2218 1144 2257 super
1174 2218 1307 2245 omne
1339 2209 1480 2257 caput
1511 2205 1738 2246 universae

469 2271 621 2311 aetatis
645 2272 702 2311 ad
726 2272 1058 2311 subvertendas
1074 2272 1265 2312 animas
1337 2270 1612 2324 Animaeque
1633 2273 1739 2313 sub·
1755 2283 1797 2312 30

469 2350 614 2377 versae
639 2344 747 2379 sunt
770 2339 926 2391 populi
958 2338 1061 2388 mei,
1084 2343 1130 2379 et
1162 2338 1338 2378 animas
1361 2338 1742 2391 possidebant,·et

469 2405 848 2445 conta111inabant
886 2419 956 2445 mo
996 2405 1051 2445 ad
1096 2405 1317 2458 populum
1359 2418 1509 2445 meum
1554 2411 1742 2458 propter

468 2484 655 2510 manum
694 2472 876 2524 plenam
914 2472 1086 2521 hordei,
1125 2477 1171 2512 et
1211 2477 1400 2525 propter
1433 2471 1741 2524 fragmentum

468 2538 601 2588 panis
635 2539 692 2578 ad
724 2539 997 2579 occidendas
1019 2539 1212 2588 animas,
1235 2551 1350 2591 quas
1379 2551 1469 2578 non
1499 2539 1742 2591 oportebat

515 2711 539 2730 ¹²
558 2709 738 2755 Ezechid]
775 2713 830 2743 vii.
864 2716 926 2751 26;
958 2714 1029 2744 xiii.
1055 2717 1087 2751 8,
1171 2711 1396 2753 ³⁰Anima’qne
1409 2736 1415 2744 .
1432 2737 1439 2744 .
1455 2713 1651 2754 Aripuisti]
1669 2714 1741 2746 Om.

469 2761 530 2797 183
553 2760 635 2789 xxii.
654 2762 686 2797 4,
704 2762 766 2796 30;
792 2759 911 2790 xxxiii.
930 2763 962 2798 2,
979 2763 1038 2790 etc.
1132 2760 1167 2790 V.
