1891 3214
560 253 787 283 EPISTOLA
821 255 932 284 σιω)
942 256 992 285 L
1350 248 1406 288 83

134 358 386 399 mirabilem
417 358 710 412 praedicando
743 358 913 399 Christi
948 359 1249 411 Evangelium
1283 360 1404 400 orbis

133 438 249 477 pene
290 425 545 476 circuitum,
589 432 640 467 ut
677 438 759 466 vas
799 425 1035 466 electionis
1086 426 1403 479 Magisterque

133 490 353 533 Gentium
371 492 560 542 electus,
581 493 730 545 capite
752 492 916 546 plexus
937 494 1041 533 est?

201 557 224 612 ᾗ
254 559 326 600 74.
374 557 491 609 Quis
526 564 745 608 vestrum,
783 565 833 600 ut
878 564 1065 599 sanctus
1106 563 1281 612 martyr
1321 558 1399 611 Ig-
1421 568 1555 606 Examisse
1579 570 1608 594 of

92 624 300 675 5natius,
339 623 601 666 Antiochiae
648 626 773 666 urbis
814 625 1072 677 episcopus,
1112 630 1217 677 post
1256 625 1400 666 admi-
1420 602 1547 633 Ignauus

131 691 297 732 rabiles
339 691 386 732 in
429 691 613 733 Christo
655 697 802 741 actus,
842 692 899 731 ob
942 691 1251 731 testimonium
1301 691 1401 744 ejus

130 757 314 799 leonum
372 757 506 799 molis
564 758 727 799 Romae
779 757 1040 798 confractus
1097 762 1167 797 est
1193 758 1211 797 Τ
1270 757 1401 811 cujus

130 824 286 875 verba,
327 837 431 865 cum
469 824 527 866 ad
558 825 817 878 passionem
855 824 1112 872 duceretur,
1148 823 1400 873 audientes,

131 890 170 931 si
213 890 461 945 aliquando
500 891 656 932 vultus
698 889 838 931 vestri
876 890 1040 930 rubore
1078 889 1237 930 suffusi
1274 895 1398 939 sunt,

71 970 112 999 10
131 970 224 998 non
260 957 409 998 solum
441 958 490 998 in
520 957 861 1010 comparatione
891 955 990 1009 ejus
1024 968 1106 996 vos
1141 969 1232 996 non
1266 960 1400 1008 puta-

130 1023 237 1064 bitis
264 1023 542 1073 sacerdotes,
572 1024 651 1064 sed
684 1037 741 1064 ne
770 1022 1017 1063 mediocres
1043 1021 1224 1074 quidem
1245 1020 1400 1061 Chris-

131 1089 283 1131 tianos
314 1103 429 1131 esse.
500 1089 584 1131 Ait
602 1090 721 1130 enim
743 1089 789 1129 in
813 1088 1023 1141 epistola,
1055 1101 1192 1140 quam
1222 1088 1278 1127 ad
1304 1087 1399 1128 Ro-

130 1169 313 1197 manam
353 1156 605 1198 Ecclesiam
649 1155 802 1206 misit3
851 1158 862 1175 ‘
886 1153 927 1195 A
959 1154 1093 1207 Syria
1123 1167 1268 1206 usque
1305 1153 1400 1194 Ro-

130 1235 250 1264 mam
285 1236 389 1264 cum
423 1222 580 1264 bestiis
611 1226 734 1263 terra
766 1221 971 1274 marique
1001 1220 1213 1273 depugno
1244 1219 1316 1260 die
1348 1233 1402 1260 ac

72 1298 111 1327 15
131 1294 281 1340 nocte,
321 1302 557 1330 connexus
596 1293 642 1329 et
675 1288 919 1340 colligatus
959 1286 1114 1327 decem
1154 1286 1398 1339 leopardis,

130 1356 366 1405 militibus,
388 1355 505 1405 dico,
527 1355 583 1396 ad
615 1354 870 1395 custodiam
906 1353 1040 1402 datis,
1063 1351 1140 1405 qui
1172 1365 1228 1392 ex
1262 1353 1398 1392 bene-

131 1422 244 1463 ficiis
278 1423 448 1463 nostris
478 1422 694 1462 saeviores
714 1420 843 1461 fiunt.
915 1418 1003 1459 Sed
1025 1431 1109 1471 ego
1131 1431 1287 1459 eorum
1320 1431 1397 1458 ne-

131 1489 288 1542 quitiis
333 1489 480 1541 magis
521 1487 717 1535 erudior,
752 1499 834 1527 nec
871 1491 1024 1526 tamen
1060 1484 1107 1525 in
1140 1484 1226 1525 hoc
1259 1484 1397 1537 justi-

131 1555 295 1596 ficatus
325 1568 441 1597 sum.
514 1554 553 1595 Ο
597 1553 823 1594 salutares
861 1552 1047 1600 bestias,
1084 1563 1186 1603 quae
1219 1563 1398 1603 praepa-

70 1630 113 1659 20
132 1626 294 1662 rantur
339 1621 464 1671 mihi,
511 1620 695 1674 quando
735 1619 955 1660 venient?
1020 1617 1202 1670 quando
1267 1617 1398 1657 emit-

131 1689 321 1729 tentur?
365 1687 549 1742 quando
593 1687 657 1727 eis
692 1685 780 1726 frui
815 1684 970 1725 licebit
1004 1683 1216 1724 carnibus
1253 1683 1397 1723 meis?

131 1767 246 1808 quas
282 1768 368 1807 ego
404 1759 574 1807 exopto
607 1753 804 1794 acriores
836 1750 1002 1804 parari,
1025 1755 1071 1790 et
1098 1749 1303 1789 invitabo
1341 1748 1397 1788 ad

131 1821 475 1863 devorationem
506 1820 609 1869 mei,
634 1825 679 1860 et
710 1818 987 1871 deprecabor
1019 1829 1075 1856 ne
1108 1815 1238 1864 forte,
1271 1819 1321 1855 ut
1353 1814 1397 1854 in

133 1887 364 1929 nonnullis
397 1887 617 1936 fecerunt,
648 1886 839 1926 timeant
859 1883 1085 1935 attingere
1116 1894 1279 1933 corpus
1306 1894 1397 1920 ine-

71 1966 112 1995 25
132 1967 226 2005 um,
245 1954 449 2008 quinimo
480 1959 526 1994 et
557 1953 595 1993 si
626 1952 979 1998 cunctabuntur,
1001 1961 1086 2001 ego
1109 1948 1199 1988 vim
1221 1947 1399 1995 faciam,

133 2034 220 2074 ego
260 2034 333 2062 me
372 2021 592 2074 ingeram.
676 2018 815 2066 Date,
858 2028 1030 2068 quaeso,
1071 2014 1267 2061 veniam,
1314 2026 1399 2063 ego

134 2088 241 2129 novi
262 2087 371 2140 quid
392 2086 607 2140 expediat
627 2085 752 2133 mihi,
780 2096 899 2123 nunc
920 2081 1087 2134 incipio
1109 2093 1207 2120 esse
1231 2079 1400 2119 Christi

133 2153 414 2206 discipulus;
448 2152 647 2192 facessat
680 2150 852 2190 invidia
872 2148 944 2189 vel
976 2146 1162 2187 humani
1195 2145 1400 2193 affectus,

134 2219 208 2260 vel
241 2219 457 2272 nequitiae
495 2216 762 2270 spiritualis,
799 2220 850 2254 ut
885 2214 930 2253 in
964 2213 1126 2253 Jesum
1169 2210 1399 2251 Christum

74 2299 116 2328 30
135 2286 326 2339 adipisci
375 2296 551 2324 merear
592 2283 736 2334 ignes,
777 2292 950 2328 cruceS,
993 2278 1179 2325 bestias,
1227 2276 1400 2328 disper-

135 2351 286 2393 siones
320 2351 506 2399 ossium,
539 2346 960 2400 discerpsionesque
997 2344 1316 2389 membrorum,
1349 2354 1401 2381 ac

136 2418 278 2459 totius
300 2416 503 2470 corporis
524 2427 690 2468 poenae,
714 2418 759 2454 ct
781 2412 934 2453 omnia
955 2410 1001 2450 in
1022 2423 1092 2450 mc
1121 2421 1259 2448 unum
1293 2420 1401 2460 sup-

135 2484 273 2537 plicia
292 2482 462 2523 diaboli
493 2487 590 2522 arte
623 2479 818 2532 quaesita
839 2476 1139 2529 complentur,
1160 2473 1403 2514 dummodo

182 2603 196 2624 ⁹
211 2603 424 2645 Aliquando]
449 2602 488 2633 In
515 2602 558 2633 B.
582 2601 637 2632 the
661 2601 752 2631 word
789 2609 931 2639 passage
956 2598 1033 2629 herc
1057 2597 1179 2636 quoted
1204 2596 1304 2625 forms
1327 2604 1401 2632 cap.

138 2653 168 2683 is
183 2652 316 2682 written
332 2651 424 2689 thus,
440 2649 449 2666 ⁶
463 2647 544 2680 alsi)
789 2647 832 2676 iv.
850 2645 887 2675 of
910 2645 963 2675 the
993 2644 1120 2683 Epistle
1136 2647 1168 2672 to
1185 2642 1239 2672 the
1259 2642 1403 2671 Romans

183 2695 197 2714 ⁹
213 2691 460 2739 Suffusisunt]
480 2694 754 2732 Confusiesscnt,
790 2693 821 2722 in
846 2692 900 2721 the
924 2691 1049 2721 edition
1077 2689 1115 2720 of
1141 2688 1259 2726 Smith,
1291 2688 1401 2718 Oxou.

141 2745 172 2775 Β
770 2733 774 2798 ‘3
792 2741 888 2776 1700,
905 2740 970 2768 4t0.

176 2768 211 2807 ¹¹²
239 2790 414 2820 Romanam
442 2787 647 2827 Ecclesiam]
686 2785 775 2824 The,
839 2783 862 2801 ¹⁴
881 2782 1066 2824 Depugno]
1092 2782 1224 2856 Ριιβὲο,
1245 2781 1285 2811 Β.

1206 2836 1224 2854 α
1242 2830 1262 2857 2
