1907 3214
259 833 313 857 and
328 832 420 858 Titus,

271 2429 406 2458 Passagos

271 2463 341 2486 from
357 2463 404 2485 the

473 238 558 278 110
902 247 1129 277 EPISTOLA
1162 247 1334 276 GinnAE.

475 355 555 403 ait,
588 353 778 406 Semper
809 352 1053 401 discentes,
1086 357 1132 392 et
1163 364 1397 404 nunquam
1429 351 1485 391 ad
1512 350 1750 392 scientiam

476 421 685 462 veritatis
705 419 1039 473 pervenientes.
1076 418 1472 468 Quemadmodum
1494 418 1613 458 enim
1635 418 1663 458 J
1670 430 1751 457 an-

478 500 558 527 nes
601 491 648 526 et
688 486 923 526 Mambres
963 485 1233 525 restiterunt
1272 484 1444 538 Moysi,
1482 485 1550 525 ita
1591 489 1637 524 et
1676 483 1751 524 isti

476 554 698 594 resistunt
736 552 946 603 veritati3
988 551 1194 592 homines
1229 551 1433 604 corrupti
1470 555 1638 600 mente,
1681 564 1751 590 re-

476 620 607 673 probi
638 620 760 660 circa
791 619 941 667 fidem,
973 618 1052 659 sed
1084 618 1207 658 ultra
1229 631 1320 658 non
1346 617 1600 671 proficient.
1672 616 1752 656 In-
1794 630 1812 655 5

477 687 694 740 sipientia
738 686 857 727 enim
903 699 1059 726 eorum
1109 684 1355 725 manifesta
1403 685 1490 725 erit
1543 683 1752 725 omnibus

477 754 597 793 sicut
618 758 662 793 et
679 753 862 793 illorum
886 752 986 792 fuit.

547 820 690 873 §105
725 820 907 860 Etenim
946 818 1182 859 evidenter
1227 818 1428 858 ostendit
1468 817 1666 870 qualiter
1704 829 1753 856 se

478 887 727 926 exhibeant
766 899 849 926 suo
891 884 1038 925 officio
1076 884 1352 934 sacerdotes,
1394 885 1461 924 ita
1499 884 1556 924 ad
1596 883 1753 924 Titum

478 954 698 1001 scribens,
741 952 809 993 Te
848 953 997 1005 ipsum
1039 952 1192 1004 praebe
1234 951 1495 1004 exemplum
1532 951 1753 991 bonorum
1776 962 1816 992 10

478 1033 683 1072 operum,
715 1020 762 1059 in
793 1019 1020 1067 doctrina,
1051 1019 1098 1058 in
1123 1018 1407 1070 integritate,
1438 1018 1486 1057 in
1509 1017 1754 1070 gravitate,

479 1087 668 1127 verbum
693 1099 856 1126 sanum
878 1086 1066 1134 habens,
1098 1084 1512 1138 irreprehensibile,
1544 1089 1596 1124 ut
1617 1084 1656 1124 is
1678 1084 1755 1137 qui

480 1166 539 1193 ex
571 1153 765 1193 adverso
798 1158 868 1193 est
899 1157 1126 1201 vereatur,
1159 1151 1334 1191 nullum
1374 1151 1545 1191 malum
1583 1150 1756 1191 habens

480 1220 629 1260 dicere
661 1220 715 1260 de
748 1220 894 1260 nobis.
968 1219 1025 1259 Et
1048 1219 1212 1259 iterum
1244 1218 1302 1259 ad
1323 1218 1632 1267 Timotheum,
1667 1217 1757 1258 La-

480 1288 607 1336 bora,
653 1287 819 1340 inquit,
866 1287 985 1326 sicut
1031 1287 1178 1326 bonus
1226 1286 1356 1325 miles
1406 1284 1578 1325 Christi
1625 1284 1817 1325 Jesu.l5

483 1353 633 1394 Nemo
672 1353 875 1393 militans
917 1353 1018 1393 Deo
1053 1352 1259 1404 implicat
1301 1365 1350 1392 se
1391 1352 1587 1404 negotiis
1627 1364 1756 1392 secu-

482 1420 671 1470 laribus,
714 1426 765 1461 ut
804 1420 985 1472 placeat
1023 1419 1079 1468 ei,
1119 1419 1192 1458 cui
1225 1432 1274 1459 se
1315 1418 1542 1472 probavit.
1635 1417 1758 1458 Nam

482 1492 528 1527 et
568 1487 645 1540 qui
685 1486 920 1528 contendit
960 1486 1007 1526 in
1048 1499 1197 1538 agone
1236 1499 1329 1526 non
1370 1490 1632 1534 coronatur,
1673 1485 1760 1524 nisi

482 1554 684 1605 legitime
717 1554 976 1595 certaverit.
1051 1552 1170 1593 Haec
1206 1552 1389 1605 quidem
1423 1553 1647 1592 bonorum
1679 1551 1759 1591 ad-

483 1620 702 1661 hortatio.
776 1620 912 1670 Quod
963 1633 1072 1660 vero
1124 1620 1231 1659 item
1269 1618 1628 1671 comprehendit,
1663 1613 1759 1658 ma·
1777 1626 1820 1655 20

482 1687 630 1727 lorum
667 1687 918 1736 hominum,
951 1691 1003 1726 ut
1043 1699 1122 1726 vos
1160 1686 1417 1738 quibusque
1458 1685 1759 1738 intelligenti-

482 1754 566 1793 bus
589 1754 840 1806 apparetis,
860 1753 1149 1794 denuntiatio
1171 1758 1255 1793 est.
1328 1753 1375 1793 Si
1393 1753 1511 1805 quis,
1532 1752 1760 1804 inquiens,

483 1821 617 1861 aliter
648 1821 797 1870 docet,
831 1826 876 1861 et
908 1833 1000 1861 non
1032 1819 1284 1873 acquiescit
1314 1819 1599 1860 sermonibus
1635 1819 1761 1859 sanis

486 1888 673 1927 Domini
707 1888 850 1928 nostri
883 1887 997 1928 Jesu
1021 1886 1209 1935 Christi,
1241 1890 1286 1926 et
1315 1887 1355 1926 ei
1376 1899 1480 1939 quae
1512 1885 1760 1926 secundum

484 1954 702 2006 pietatem
734 1959 804 1994 est
834 1953 1055 1994 doctrina}
1088 1953 1311 2005 superbus
1343 1957 1429 2001 est,
1451 1952 1564 1992 nihil
1596 1953 1761 2001 sciens,
1779 1958 1821 1986 25

485 2021 563 2059 sed
616 2021 920 2071 languescens
979 2032 1089 2071 erga
1138 2019 1433 2071 quaffstiones,
1486 2024 1532 2059 et
1583 2032 1761 2071 pugnas

485 2087 743 2135 verborum,
787 2100 844 2127 ex
885 2087 1049 2139 quibus
1090 2086 1300 2126 oriuntur
1334 2085 1536 2135 invidia),
1572 2091 1762 2126 conten-

486 2153 649 2203 tiones,
697 2153 1009 2206 blasphemiae,
1057 2153 1341 2205 suspiciones
1386 2152 1536 2202 malae,
1576 2152 1762 2192 conflic-

486 2220 685 2261 tationes
726 2220 958 2260 hominum
998 2225 1150 2260 mente
1190 2225 1524 2272 corruptorum,
1566 2219 1645 2272 qui
1684 2232 1763 2260 ve-

486 2288 623 2327 ritate
654 2287 823 2339 privati
855 2292 979 2337 sunt,
1008 2286 1368 2327 existimantium
1403 2290 1631 2339 quaestum
1664 2298 1764 2326 esse
1783 2296 1824 2325 30

487 2355 721 2407 pietatem.

556 2421 577 2474 ξ
600 2421 700 2462 106.
734 2420 821 2461 Sed
845 2419 952 2473 quid
971 2419 1165 2472 sparsim
1180 2418 1342 2471 positis
1363 2417 1559 2471 amplius
1581 2422 1764 2459 utentes

271 2496 439 2519 ‹na-nmmo„
488 2488 762 2527 testimoniis
789 2500 1005 2527 sensuum
1037 2499 1090 2527 ae
1123 2486 1405 2526 diversorum
1438 2484 1572 2525 undis
1605 2485 1652 2525 in
1685 2485 1763 2526 de-

270 2529 391 2553 Sei-vice.

535 2670 548 2688 ⁰
575 2670 712 2709 Titum]
731 2670 798 2700 Tit.
816 2669 851 2700 ii.
871 2672 903 2700 7.
1127 2666 1132 2711 J
1193 2666 1220 2685 ²⁰
1246 2668 1338 2703 Quod
1369 2677 1441 2697 vero
1474 2690 1481 2698 .
1508 2690 1516 2698 .
1543 2690 1550 2698 .
1580 2667 1763 2708 pietatem]

536 2715 559 2734 ¹¹
587 2716 813 2756 Tinmthenm]
846 2720 865 2747 2
892 2716 978 2747 Tim.
1007 2715 1041 2746 ii.
1070 2712 1130 2753 3;¹
1150 2717 1224 2745 (lm.
1250 2714 1287 2745 V.

492 2766 500 2792 1
524 2763 609 2794 Tm„
629 2764 672 2794 vj,
692 2766 722 2793 3·
1125 2743 1129 2779 Ι
1194 2760 1219 2776 ³³
1248 2759 1380 2799 Undis-‚J
1407 2760 1464 2799 1Ῑά
1482 2761 1601 2799 modis,
1622 2762 1662 2792 15.
